
@inproceedings{fink_adaptable_1997,
	title = {Adaptable and adaptive information access for all users, including the disabled and the elderly},
	volume = {171},
	url = {http://www.isr.uci.edu/~kobsa/papers/1997-UM97-kobsa.pdf},
	abstract = {Igual que el otro paper de los mismos 2 primeros autores, salvo que hablan de la evaluaci칩n, que est치 en otras publicaciones del proyecto que engloba esta investigaci칩n. No aporta pr치cticamente nada al paper relacionado. En todo caso, los dibujos del final.},
	urldate = {2013-01-03},
	booktitle = {International Conference {UM}97. Wien New York: Springer},
	author = {Fink, J. and Kobsa, A. and Nill, A.},
	year = {1997},
	pages = {173},
	file = {[PDF] de uci.edu:/home/edlectrico/.mozilla/firefox/2o4o6qz8.default/zotero/storage/I2Z8VDBT/Fink et al. - 1997 - Adaptable and adaptive information access for all .pdf:application/pdf}
}