% This file was created with JabRef 2.7b.
% Encoding: UTF8

@book{caragliu_smart_2009,
	title = {Smart cities in Europe},
	urldate = {2013-03-08},
	publisher = {Vrije Universiteit, Faculty of Economics and Business Administration},
	author = {Caragliu, Andrea and Del Bo, Chiara and Nijkamp, Peter},
	year = {2009},
},

@phdthesis{orwant_doppelgangeruser_1991,
	title = {Doppelgänger–a user modeling system},
	url = {http://18.7.29.232/handle/1721.1/12952},
	urldate = {2013-11-04},
	school = {Massachusetts Institute of Technology},
	author = {Orwant, Jon},
	year = {1991},
	file = {[PDF] de 18.7.29.232:/home/edlectrico/.mozilla/firefox/tx6aeu6q.default/zotero/storage/68ISJ65C/Orwant - 1991 - Doppelgänger–a user modeling system.pdf:application/pdf;Snapshot:/home/edlectrico/.mozilla/firefox/tx6aeu6q.default/zotero/storage/T2RTA485/12952.html:text/html}
},

@article{orwant_for_1996,
	title = {For want of a bit the user was lost: Cheap user modeling},
	volume = {35},
	shorttitle = {For want of a bit the user was lost},
	url = {http://ieeexplore.ieee.org/xpls/abs_all.jsp?arnumber=5387216},
	abstract = {Parece que hablan del modelo resaltando aspectos importantes del mismo.},
	number = {3.4},
	urldate = {2013-09-17},
	journal = {{IBM} Systems Journal},
	author = {Orwant, Jon},
	year = {1996},
	pages = {398–416},
	file = {[PDF] from ucf.edu:/home/edlectrico/.mozilla/firefox/2o4o6qz8.default/zotero/storage/3TQW86AJ/Orwant - 1996 - For want of a bit the user was lost Cheap user mo.pdf:application/pdf;Snapshot:/home/edlectrico/.mozilla/firefox/2o4o6qz8.default/zotero/storage/P926IS7J/freeabs_all.html:text/html}
},

@techreport{chen_survey_2000,
	title = {A survey of context-aware mobile computing research},
	urldate = {2013-10-04},
	institution = {Technical Report {TR2000-381}, Dept. of Computer Science, Dartmouth College},
	author = {Chen, Guanling and Kotz, David},
	year = {2000}
},

@inproceedings{schilit_context_aware_1994,
	title = {Context-aware computing applications},
	url = {http://ieeexplore.ieee.org/xpls/abs_all.jsp?arnumber=4624429},
	urldate = {2013-10-04},
	booktitle = {Mobile Computing Systems and Applications, 1994. {WMCSA} 1994. First Workshop on},
	author = {Schilit, Bill and Adams, Norman and Want, Roy},
	year = {1994},
	pages = {85–90},
	file = {[PDF] from columbia.edu:/home/edlectrico/.mozilla/firefox/au0n1bb9.default/zotero/storage/T87BGVDI/Schilit et al. - 1994 - Context-aware computing applications.pdf:application/pdf;Snapshot:/home/edlectrico/.mozilla/firefox/au0n1bb9.default/zotero/storage/FDZ6DJPB/freeabs_all.html:text/html}
},

@inproceedings{schilit_parctab_1993,
	title = {The {PARCTAB} mobile computing system},
	url = {http://ieeexplore.ieee.org/xpls/abs_all.jsp?arnumber=348175},
	urldate = {2013-10-15},
	booktitle = {Workstation Operating Systems, 1993. Proceedings., Fourth Workshop on},
	author = {Schilit, Bill N. and Adams, Norman and Gold, Rich and Tso, Michael M. and Want, Roy},
	year = {1993},
	pages = {34–39},
	file = {[PDF] from psu.edu:/home/edlectrico/.mozilla/firefox/au0n1bb9.default/zotero/storage/U5WAR355/Schilit et al. - 1993 - The PARCTAB mobile computing system.pdf:application/pdf;Snapshot:/home/edlectrico/.mozilla/firefox/au0n1bb9.default/zotero/storage/H883G2WK/freeabs_all.html:text/html}
},

@incollection{want_parctab_1996,
	title = {The {PARCTAB} ubiquitous computing experiment},
	url = {http://link.springer.com/chapter/10.1007/978-0-585-29603-6_2},
	urldate = {2013-10-22},
	booktitle = {Mobile Computing},
	publisher = {Springer},
	author = {Want, Roy and Schilit, Bill N. and Adams, Norman I. and Gold, Rich and Petersen, Karin and Goldberg, David and Ellis, John R. and Weiser, Mark},
	year = {1996},
	pages = {45–101},
	file = {[PDF] from psu.edu:/home/edlectrico/.mozilla/firefox/au0n1bb9.default/zotero/storage/QEG52H8K/Want et al. - 1996 - The PARCTAB ubiquitous computing experiment.pdf:application/pdf;Snapshot:/home/edlectrico/.mozilla/firefox/au0n1bb9.default/zotero/storage/WGISTI9Q/978-0-585-29603-6_2.html:text/html}
},

@inproceedings{adams_infrared_1993,
	title = {An infrared network for mobile computers},
	url = {http://www.roywant.com/cv/papers/pubs/1993-04%20(USENIX03)%20IR%20network.pdf},
	urldate = {2013-10-15},
	booktitle = {Proceedings {USENIX} Symposium on Mobile \& Location-indendent Computing},
	author = {Adams, Norman and Gold, Rich and Schilit, Bill N. and Tso, Michael M. and Want, Roy},
	year = {1993},
	pages = {2},
	file = {[PDF] from roywant.com:/home/edlectrico/.mozilla/firefox/au0n1bb9.default/zotero/storage/3UVRVMK3/Adams et al. - 1993 - An infrared network for mobile computers.pdf:application/pdf}
},

@article{kobsa_generic_2001,
	title = {Generic user modeling systems},
	volume = {11},
	url = {http://www.springerlink.com/index/g5g2030040352416.pdf},
	abstract = {Hace un repaso de los sistemas Shell más populares. Él mismo indica ciertos procesos y servicios que todo sistema Shell debería disponer, aunque lo hace desde la experiencia y sin ningún tipo de argumentación científica soportada por alguna evaluación (sin embargo, señala a Pohl, 1999, como fuente que sí realiza dicho estudio).},
	number = {1},
	urldate = {2013-01-24},
	journal = {User modeling and user-adapted interaction},
	author = {Kobsa, A.},
	year = {2001},
	pages = {49–63},
	file = {[PDF] de umuai.org:/home/edlectrico/.mozilla/firefox/au0n1bb9.default/zotero/storage/JN76JRDI/Kobsa - 2001 - Generic user modeling systems.pdf:application/pdf;Snapshot:/home/edlectrico/.mozilla/firefox/au0n1bb9.default/zotero/storage/52IZT45W/10.html:text/html}
},

@article{fink_review_2000,
	title = {A review and analysis of commercial user modeling servers for personalization on the world wide web},
	volume = {10},
	url = {http://link.springer.com/article/10.1023/A:1026597308943},
	number = {2-3},
	urldate = {2013-09-25},
	journal = {User Modeling and User-Adapted Interaction},
	author = {Fink, Josef and Kobsa, Alfred},
	year = {2000},
	pages = {209–249},
	file = {[PDF] from psu.edu:/home/edlectrico/.mozilla/firefox/au0n1bb9.default/zotero/storage/TR56RN2P/Fink and Kobsa - 2000 - A review and analysis of commercial user modeling .pdf:application/pdf;Snapshot:/home/edlectrico/.mozilla/firefox/au0n1bb9.default/zotero/storage/IPA72FJK/A1026597308943.html:text/html}
},

@book{nelson1977home,
  title={The home computer revolution},
  author={Nelson, Ted},
  year={1977},
  publisher={Distributors}
},

@inproceedings{carlisle1976evaluating,
  title={Evaluating the impact of office automation on top management communication},
  author={Carlisle, James H},
  booktitle={Proceedings of the June 7-10, 1976, national computer conference and exposition},
  pages={611--616},
  year={1976},
  organization={ACM}
},

@article{card1980keystroke,
  title={The keystroke-level model for user performance time with interactive systems},
  author={Card, Stuart K and Moran, Thomas P and Newell, Allen},
  journal={Communications of the ACM},
  volume={23},
  number={7},
  pages={396--410},
  year={1980},
  publisher={ACM}
},

@article{fischer_user_2001,
	title = {User modeling in human–computer interaction},
	volume = {11},
	issn = {0924-1868},
	abstract = {Adaptive vs. Adaptable. User Modeling in {HCI.}},
	number = {1},
	journal = {User modeling and user-adapted interaction},
	author = {Fischer, G.},
	year = {2001},
	pages = {65–86}
},

@inproceedings{gregor_designing_2002,
	title = {Designing for dynamic diversity: interfaces for older people},
	shorttitle = {Designing for dynamic diversity},
	url = {http://dl.acm.org/citation.cfm?id=638277},
	urldate = {2013-10-09},
	booktitle = {Proceedings of the fifth international {ACM} conference on Assistive technologies},
	author = {Gregor, Peter and Newell, Alan F. and Zajicek, Mary},
	year = {2002},
	pages = {151–156},
	file = {Snapshot:/home/edlectrico/.mozilla/firefox/au0n1bb9.default/zotero/storage/K7QFXRXF/citation.html:text/html}
},

@article{burgstahler_designing_2002,
	title = {Designing software that is accessible to individuals with disabilities},
	url = {http://www3.cac.washington.edu/doit/Brochures/PDF/design_software.pdf},
	urldate = {2013-10-09},
	journal = {Seattle, Washington: {DO-IT}, University of Washington-Seattle},
	author = {Burgstahler, Sheryl},
	year = {2002},
	file = {[PDF] from washington.edu:/home/edlectrico/.mozilla/firefox/au0n1bb9.default/zotero/storage/JHWWEXUH/Burgstahler - 2002 - Designing software that is accessible to individua.pdf:application/pdf}
},

@techreport{isoiec1,
    citeulike-article-id = {2300058},
    institution = {International Organization for Standardization},
    posted-at = {2008-01-28 22:26:20},
    priority = {0},
    title = {Software Engineering - Product Quality, {ISO/IEC} 9126-1},
    year = {2001}
},

@book{iso9241,
    citeulike-article-id = {3503574},
    editor = {{ISO}},
    posted-at = {2008-11-11 13:30:42},
    priority = {2},
    title = {{ISO 9241-11: Ergonomic requirements for office work with visual display terminals (VDTs) -- Part 9: Requirements for non-keyboard input devices}},
    year = {2000}
},

@book{ISOIEC9126,
  title = {ISO/IEC 9126. Software engineering -- Product quality},
  publisher = {ISO/IEC},
  year = {2001},
  author = {ISO/IEC}
},

@incollection{adomavicius_context_aware_2011,
	title = {Context-aware recommender systems},
	url = {http://link.springer.com/chapter/10.1007/978-0-387-85820-3_7},
	abstract = {Muy enfocado a sistemas de recomendación. Tiene una parte interesante de estado del arte con definiciones de contexto a lo largo del tiempo.},
	urldate = {2013-09-18},
	booktitle = {Recommender systems handbook},
	publisher = {Springer},
	author = {Adomavicius, Gediminas and Tuzhilin, Alexander},
	year = {2011},
	pages = {217–253},
	file = {[PDF] from bgu.ac.il:/home/edlectrico/.mozilla/firefox/au0n1bb9.default/zotero/storage/VA5KJ7PE/Adomavicius and Tuzhilin - 2011 - Context-aware recommender systems.pdf:application/pdf;Snapshot:/home/edlectrico/.mozilla/firefox/au0n1bb9.default/zotero/storage/H94T5D7C/978-0-387-85820-3_7.html:text/html}
},

@article{dey_understanding_2001,
	title = {Understanding and using context},
	volume = {5},
	url = {http://dl.acm.org/citation.cfm?id=593572},
	number = {1},
	urldate = {2013-10-10},
	journal = {Personal and ubiquitous computing},
	author = {Dey, Anind K.},
	year = {2001},
	pages = {4–7},
	file = {[PDF] from cmu.edu:/home/edlectrico/.mozilla/firefox/au0n1bb9.default/zotero/storage/M985D9X4/Dey - 2001 - Understanding and using context.pdf:application/pdf;Snapshot:/home/edlectrico/.mozilla/firefox/au0n1bb9.default/zotero/storage/KZWEXKZI/citation.html:text/html}
},

@article{schmidt_there_1999,
	title = {There is more to context than location},
	volume = {23},
	url = {http://www.sciencedirect.com/science/article/pii/S009784939900120X},
	abstract = {Ejemplos con modelo de contexto. Muy interesante.},
	number = {6},
	urldate = {2013-01-24},
	journal = {Computers \& Graphics},
	author = {Schmidt, A. and Beigl, M. and Gellersen, H. W.},
	year = {1999},
	pages = {893–901},
	file = {[PDF] de uni-karlsruhe.de:/home/edlectrico/.mozilla/firefox/au0n1bb9.default/zotero/storage/MED74Q64/Schmidt et al. - 1999 - There is more to context than location.pdf:application/pdf;Snapshot:/home/edlectrico/.mozilla/firefox/au0n1bb9.default/zotero/storage/FUZ9RDKK/S009784939900120X.html:text/html}
},

@article{jameson_modelling_2001,
	title = {Modelling both the Context and the User},
	volume = {5},
	url = {http://dl.acm.org/citation.cfm?id=593578},
	abstract = {Justificación de combinar modelos de usuario y contexto. Hace una comparación de un mismo sistema utilizando solo el modelo de contexto frente a uno que combina contexto y usuario.},
	number = {1},
	urldate = {2013-09-18},
	journal = {Personal and Ubiquitous Computing},
	author = {Jameson, Anthony},
	year = {2001},
	pages = {29–33},
	file = {[PDF] from umd.edu:/home/edlectrico/.mozilla/firefox/au0n1bb9.default/zotero/storage/RWKPKNUC/Jameson - 2001 - Modelling both the Context and the User.pdf:application/pdf;Snapshot:/home/edlectrico/.mozilla/firefox/au0n1bb9.default/zotero/storage/JFIB6N5X/citation.html:text/html}
},

@article{nilsson_model_based_2006,
	title = {Model-based user interface adaptation},
	volume = {30},
	number = {5},
	journal = {Computers \& Graphics},
	author = {Nilsson, {E.G.} and Floch, J. and Hallsteinsen, S. and Stav, E.},
	year = {2006},
	pages = {692–701},
	file = {Google Scholar Linked Page:/home/edlectrico/.mozilla/firefox/au0n1bb9.default/zotero/storage/8VJAMS7S/Nilsson et al. - 2006 - Model-based user interface adaptation:}
},

@inproceedings{calvary_plasticity_2002,
	title = {Plasticity of User Interfaces: A Revisited Reference Framework},
	shorttitle = {Plasticity of User Interfaces},
	booktitle = {In Task Models and Diagrams for User Interface Design},
	author = {Calvary, G. and Coutaz, J. and Thevenin, D. and Limbourg, Q. and Souchon, N. and Bouillon, L. and Florins, M. and Vanderdonckt, J. and others},
	year = {2002},
	file = {Google Scholar Linked Page:/home/edlectrico/.mozilla/firefox/au0n1bb9.default/zotero/storage/N9PTEP5T/summary.html:text/html}
},

@incollection{abowd_towards_1999,
	series = {Lecture Notes in Computer Science},
	title = {Towards a Better Understanding of Context and Context-Awareness},
	copyright = {©1999 Springer-Verlag Berlin Heidelberg},
	isbn = {978-3-540-66550-2, 978-3-540-48157-7},
	url = {http://link.springer.com/chapter/10.1007/3-540-48157-5_29},
	abstract = {When humans talk with humans, they are able to use implicit situational information, or context, to increase the conversational bandwidth. Unfortunately, this ability to convey ideas does not transfer well to humans interacting with computers. In traditional interactive computing, users have an impoverished mechanism for providing input to computers. By improving the computer’s access to context, we increase the richness of communication in human-computer interaction and make it possible to produce more useful computational services. The use of context is increasingly important in the fields of handheld and ubiquitous computing, where the user?s context is changing rapidly. In this panel, we want to discuss some of the research challenges in understanding context and in developing context-aware applications.},
	language = {en},
	number = {1707},
	urldate = {2013-09-26},
	booktitle = {Handheld and Ubiquitous Computing},
	publisher = {Springer Berlin Heidelberg},
	author = {Abowd, Gregory D. and Dey, Anind K. and Brown, Peter J. and Davies, Nigel and Smith, Mark and Steggles, Pete},
	editor = {Gellersen, Hans-W.},
	month = jan,
	year = {1999},
	keywords = {Computer Communication Networks, Computer System Implementation, Information Systems Applications ({incl.Internet)}, Special Purpose and Application-Based Systems, User Interfaces and Human Computer Interaction},
	pages = {304--307},
	file = {Snapshot:/home/edlectrico/.mozilla/firefox/au0n1bb9.default/zotero/storage/VQT9NCX3/3-540-48157-5_29.html:text/html}
},

@inproceedings{strang_context_2004,
	title = {A context modeling survey},
	url = {http://elib.dlr.de/7444/},
	abstract = {Perfecto para defender el uso de ontologías en modelado de contexto.
{¿Primera} aproximación a un modelo triple (usuario/ctx/disp)?},
	urldate = {2013-01-24},
	booktitle = {Workshop Proceedings},
	author = {Strang, T. and Linnhoff-Popien, C.},
	year = {2004},
	file = {[PDF] de dlr.de:/home/edlectrico/.mozilla/firefox/au0n1bb9.default/zotero/storage/JH95XM5F/Strang and Linnhoff-Popien - 2004 - A context modeling survey.pdf:application/pdf;Snapshot:/home/edlectrico/.mozilla/firefox/au0n1bb9.default/zotero/storage/BH3J358R/7444.html:text/html}
},

@inproceedings{wang_ontology_2004,
	title = {Ontology based context modeling and reasoning using {OWL}},
	url = {http://ieeexplore.ieee.org/xpls/abs_all.jsp?arnumber=1276898},
	abstract = {Modelo {CONON}, uno de los más importantes en modelos de contexto.},
	urldate = {2013-01-29},
	booktitle = {Pervasive Computing and Communications Workshops, 2004. Proceedings of the Second {IEEE} Annual Conference on},
	author = {Wang, X. H. and Zhang, D. Q. and Gu, T. and Pung, H. K.},
	year = {2004},
	pages = {18–22},
	file = {[PDF] de psu.edu:/home/edlectrico/.mozilla/firefox/au0n1bb9.default/zotero/storage/P6VVXC4T/Wang et al. - 2004 - Ontology based context modeling and reasoning usin.pdf:application/pdf;Snapshot:/home/edlectrico/.mozilla/firefox/au0n1bb9.default/zotero/storage/AWD2HSAI/login.html:text/html}
},

@techreport{chen2005using,
  title={Using OWL in a pervasive computing broker},
  author={Chen, Harry and Finin, Tim and Joshi, Anupam},
  year={2005},
  institution={DTIC Document}
},

@inproceedings{schilit_context_aware_1994,
	title = {Context-aware computing applications},
	url = {http://ieeexplore.ieee.org/xpls/abs_all.jsp?arnumber=4624429},
	urldate = {2013-10-04},
	booktitle = {Mobile Computing Systems and Applications, 1994. {WMCSA} 1994. First Workshop on},
	author = {Schilit, Bill and Adams, Norman and Want, Roy},
	year = {1994},
	pages = {85–90},
	file = {[PDF] from columbia.edu:/home/edlectrico/.mozilla/firefox/au0n1bb9.default/zotero/storage/T87BGVDI/Schilit et al. - 1994 - Context-aware computing applications.pdf:application/pdf;Snapshot:/home/edlectrico/.mozilla/firefox/au0n1bb9.default/zotero/storage/FDZ6DJPB/freeabs_all.html:text/html}
},

@article{maass_location_aware_1998,
	title = {Location-aware mobile applications based on directory services},
	volume = {3},
	url = {http://www.springerlink.com/index/W5036673261V046P.pdf},
	number = {2},
	urldate = {2013-01-25},
	journal = {Mobile Networks and Applications},
	author = {Maass, H.},
	year = {1998},
	pages = {157–173},
	file = {[PDF] de asu.edu:/home/edlectrico/.mozilla/firefox/au0n1bb9.default/zotero/storage/RRNDUT3X/Maass - 1998 - Location-aware mobile applications based on direct.pdf:application/pdf;Snapshot:/home/edlectrico/.mozilla/firefox/au0n1bb9.default/zotero/storage/F4F59PI2/10.html:text/html}
},

@article{henricksen_modeling_2002,
	title = {Modeling context information in pervasive computing systems},
	url = {http://www.springerlink.com/index/JBXD2FD5GA045P8W.pdf},
	abstract = {Modelo de ejemplo (Fig.1), estado del arte y algunos conceptos interesantes.},
	urldate = {2013-01-25},
	journal = {Pervasive Computing},
	author = {Henricksen, K. and Indulska, J. and Rakotonirainy, A.},
	year = {2002},
	pages = {79–117},
	file = {[PDF] de uq.edu.au:/home/edlectrico/.mozilla/firefox/au0n1bb9.default/zotero/storage/7WQTWZX2/Henricksen et al. - 2002 - Modeling context information in pervasive computin.pdf:application/pdf;Snapshot:/home/edlectrico/.mozilla/firefox/au0n1bb9.default/zotero/storage/WBA2MACK/10.html:text/html}
},

@article{schilit_disseminating_1994,
	title = {Disseminating active map information to mobile hosts},
	volume = {8},
	url = {http://ieeexplore.ieee.org/xpls/abs_all.jsp?arnumber=313011},
	number = {5},
	urldate = {2013-10-18},
	journal = {Network, {IEEE}},
	author = {Schilit, Bill N. and Theimer, Marvin M.},
	year = {1994},
	pages = {22–32},
	file = {[PDF] from asu.edu:/home/edlectrico/.mozilla/firefox/au0n1bb9.default/zotero/storage/PW5HIB8R/Schilit and Theimer - 1994 - Disseminating active map information to mobile hos.pdf:application/pdf;Snapshot:/home/edlectrico/.mozilla/firefox/au0n1bb9.default/zotero/storage/JXTKRRC5/freeabs_all.html:text/html}
},

@inproceedings{salber_context_1999,
	title = {The context toolkit: aiding the development of context-enabled applications},
	shorttitle = {The context toolkit},
	url = {http://dl.acm.org/citation.cfm?id=303126},
	urldate = {2013-10-18},
	booktitle = {Proceedings of the {SIGCHI} conference on Human factors in computing systems: the {CHI} is the limit},
	author = {Salber, Daniel and Dey, Anind K. and Abowd, Gregory D.},
	year = {1999},
	pages = {434–441},
	file = {[PDF] from gatech.edu:/home/edlectrico/.mozilla/firefox/au0n1bb9.default/zotero/storage/77Q5ACPM/Salber et al. - 1999 - The context toolkit aiding the development of con.pdf:application/pdf;Snapshot:/home/edlectrico/.mozilla/firefox/au0n1bb9.default/zotero/storage/EGXMHMMT/citation.html:text/html}
},

@article{gu_toward_2004,
	title = {Toward an {OSGi-based} infrastructure for context-aware applications},
	volume = {3},
	url = {http://ieeexplore.ieee.org/xpls/abs_all.jsp?arnumber=1369163},
	number = {4},
	urldate = {2013-10-15},
	journal = {Pervasive Computing, {IEEE}},
	author = {Gu, Tao and Pung, Hung Keng and Zhang, Da Qing},
	year = {2004},
	pages = {66–74},
	file = {[PDF] from iastate.edu:/home/edlectrico/.mozilla/firefox/au0n1bb9.default/zotero/storage/Q5NCCKTR/Gu et al. - 2004 - Toward an OSGi-based infrastructure for context-aw.pdf:application/pdf;Snapshot:/home/edlectrico/.mozilla/firefox/au0n1bb9.default/zotero/storage/H5GGRAA9/freeabs_all.html:text/html}
},

@inproceedings{gu_ontology_based_2004,
	title = {An ontology-based context model in intelligent environments},
	volume = {2004},
	booktitle = {Proceedings of Communication Networks and Distributed Systems Modeling and Simulation Conference},
	author = {Gu, T. and Wang, X. H and Pung, H. K and Zhang, D. Q},
	year = {2004},
	pages = {270–275},
	file = {Google Scholar Linked Page:/home/edlectrico/.mozilla/firefox/au0n1bb9.default/zotero/storage/S6J48E2N/Gu et al. - 2004 - An ontology-based context model in intelligent env.pdf:application/pdf}
},

@inproceedings{yamabe_citron_2005,
	title = {Citron: A context information acquisition framework for personal devices},
	shorttitle = {Citron},
	url = {http://ieeexplore.ieee.org/xpls/abs_all.jsp?arnumber=1541130},
	urldate = {2013-10-15},
	booktitle = {Embedded and Real-Time Computing Systems and Applications, 2005. Proceedings. 11th {IEEE} International Conference on},
	author = {Yamabe, Tetsuo and Takagi, Ayako and Nakajima, Tatsuo},
	year = {2005},
	pages = {489–495},
	file = {[PDF] from waseda.ac.jp:/home/edlectrico/.mozilla/firefox/au0n1bb9.default/zotero/storage/XQ78TIN9/Yamabe et al. - 2005 - Citron A context information acquisition framewor.pdf:application/pdf;Snapshot:/home/edlectrico/.mozilla/firefox/au0n1bb9.default/zotero/storage/X7EN4GFB/freeabs_all.html:text/html}
},

@inproceedings{gu2007mobile,
  title={A mobile framework supporting ontology processing and reasoning},
  author={Gu, Tao and Kwok, Zhongqi and Koh, Kok Keong and Pung, Hung Keng},
  booktitle={Proc. Workshop on Requirements and Solutions for Pervasive Software Infrastructures},
  year={2007}
},

@article{wood_context_aware_2008,
	title = {Context-aware wireless sensor networks for assisted living and residential monitoring},
	volume = {22},
	url = {http://ieeexplore.ieee.org/xpls/abs_all.jsp?arnumber=4579768},
	number = {4},
	urldate = {2013-10-15},
	journal = {Network, {IEEE}},
	author = {Wood, Anthony and Stankovic, Jack and Virone, Gilles and Selavo, Leo and He, Zhimin and Cao, Qiuhua and Doan, Thao and Wu, Yafeng and Fang, Lei and Stoleru, Radu},
	year = {2008},
	pages = {26–33},
	file = {[PDF] from researchgate.net:/home/edlectrico/.mozilla/firefox/au0n1bb9.default/zotero/storage/E7FDUU48/Wood et al. - 2008 - Context-aware wireless sensor networks for assiste.pdf:application/pdf;Snapshot:/home/edlectrico/.mozilla/firefox/au0n1bb9.default/zotero/storage/EV66GMJV/freeabs_all.html:text/html}
},

@incollection{baltrunas_incarmusic_2011,
	title = {Incarmusic: Context-aware music recommendations in a car},
	shorttitle = {Incarmusic},
	url = {http://link.springer.com/chapter/10.1007/978-3-642-23014-1_8},
	urldate = {2013-10-15},
	booktitle = {E-Commerce and Web Technologies},
	publisher = {Springer},
	author = {Baltrunas, Linas and Kaminskas, Marius and Ludwig, Bernd and Moling, Omar and Ricci, Francesco and Aydin, Aykan and Lüke, Karl-Heinz and Schwaiger, Roland},
	year = {2011},
	pages = {89–100},
	file = {[PDF] from unibz.it:/home/edlectrico/.mozilla/firefox/au0n1bb9.default/zotero/storage/7E24A8DR/Baltrunas et al. - 2011 - Incarmusic Context-aware music recommendations in.pdf:application/pdf;Snapshot:/home/edlectrico/.mozilla/firefox/au0n1bb9.default/zotero/storage/U6X49N77/978-3-642-23014-1_8.html:text/html}
},

@techreport{chen_using_2005,
	title = {Using {OWL} in a Pervasive Computing Broker},
	copyright = {Approved for public release; distribution is unlimited. This document is not available from {DTIC} in microfiche.},
	abstract = {Computing is moving toward a pervasive context-aware environment in which agents with limited resources will require external support to help them become context-aware. In this paper, we describe an agent based architecture called Context Broker Architecture ({CoBrA)} to help these agents to acquire, reason about and share context knowledge. A key component in our architecture is an explicit context ontology defined using the Web Ontology Language ({OWL).} This ontology models the basic concepts of people, agents, places and presentation events. We also describe a use case scenario and prototype design of {CoBrA} in an intelligent meeting room environment.},
	language = {en},
	author = {Chen, Harry and Finin, Tim and Joshi, Anupam},
	year = {2005},
	keywords = {{COBRA(CONTEXT} {BROKER} {ARCHITECTURE)}, {COMPUTER} {ARCHITECTURE}, Computer Programming and Software, {COMPUTER} {PROGRAMS}, {DATA} {FUSION.}, {*INDUCED} {ENVIRONMENTS}, {LANGUAGE}, Linguistics, {OWL(WEB} {ONTOLOGY} {LANGUAGE)}, {PROTOTYPES}, {SCENARIOS}},
	file = {DTIC Full Text PDF:/home/edlectrico/.mozilla/firefox/au0n1bb9.default/zotero/storage/7MHXA6SB/Chen et al. - 2005 - Using OWL in a Pervasive Computing Broker.pdf:application/pdf;DTIC Snapshot:/home/edlectrico/.mozilla/firefox/au0n1bb9.default/zotero/storage/PZ6I2A3X/oai.html:text/html}
},

@book{schilit_customizing_1993,
	title = {Customizing mobile applications},
	url = {http://citeseerx.ist.psu.edu/viewdoc/download?doi=10.1.1.31.2550&rep=rep1&type=pdf},
	urldate = {2013-01-25},
	publisher = {Citeseer},
	author = {Schilit, B. N. and Theimer, M. M. and Welch, B. B.},
	year = {1993},
	file = {[PDF] de psu.edu:/home/edlectrico/.mozilla/firefox/2o4o6qz8.default/zotero/storage/669U9KAW/Schilit et al. - 1993 - Customizing mobile applications.pdf:application/pdf}
},

@article{voelker_mobisaic_1996,
	title = {Mobisaic: An information system for a mobile wireless computing environment},
	shorttitle = {Mobisaic},
	url = {http://www.springerlink.com/index/MHWV733969L34757.pdf},
	urldate = {2013-01-25},
	journal = {Mobile Computing},
	author = {Voelker, G. M. and Bershad, B. N.},
	year = {1996},
	pages = {375–395},
	file = {[PDF] de informatika.org:/home/edlectrico/.mozilla/firefox/2o4o6qz8.default/zotero/storage/3AVBPDXA/Voelker and Bershad - 1996 - Mobisaic An information system for a mobile wirel.pdf:application/pdf;Snapshot:/home/edlectrico/.mozilla/firefox/2o4o6qz8.default/zotero/storage/ZMM3SH3K/10.html:text/html}
},

@inproceedings{held_modeling_2002,
	title = {Modeling of context information for pervasive computing applications},
	url = {http://www.rn.inf.tu-dresden.de/uploads/sci2002-paper512jh.pdf},
	abstract = {{CC/PP} y {CSCP.} Poco más.},
	urldate = {2013-01-29},
	booktitle = {Procceding of the World Multiconference on Systemics, Cybernetics and Informatics},
	author = {Held, A. and Buchholz, S. and Schill, A.},
	year = {2002},
	file = {[PDF] de tu-dresden.de:/home/edlectrico/.mozilla/firefox/2o4o6qz8.default/zotero/storage/DPPNAHF9/Held et al. - 2002 - Modeling of context information for pervasive comp.pdf:application/pdf}
},

@article{bauer_identification_2003,
	title = {Identification and modeling of contexts for different information scenarios in air traffic},
	url = {http://citeseerx.ist.psu.edu/viewdoc/download?doi=10.1.1.98.7895&rep=rep1&type=pdf},
	urldate = {2013-01-29},
	journal = {Technische Universität Berlin, Diplomarbeit},
	author = {Bauer, J. and Kutsche, R. and Ehrmanntraut, R.},
	year = {2003},
	file = {[PDF] de psu.edu:/home/edlectrico/.mozilla/firefox/2o4o6qz8.default/zotero/storage/GVBRJ9P5/Bauer et al. - 2003 - Identification and modeling of contexts for differ.pdf:application/pdf}
},

@inproceedings{henricksen_generating_2003,
	title = {Generating Context Management Infrastructure from High-Level Context Models},
	abstract = {Abstract. The trend towards pervasive computing is driving a need for applications that are highly autonomous, as well as responsive to changes in their environments and in user requirements. Such applications are commonly termed context-aware, and are reliant on accurate information about aspects of their surroundings such as the location, goals and activities of users. Unfortunately, the construction of context-aware applications is a difficult task, and, for this reason, various infrastructures supporting the construction of such applications by assisting with the gathering, processing and dissemination of context information have re-cently appeared [1-3]. However, these are based on models of context that lack formality and expressiveness and offer little support for the design tasks associated with context-aware applications. In this paper, we present a context modelling approach that offers a means for developers to describe and program with context at a high level, without the need to 
consider issues related to context gathering, management or representation. We also describe a mapping process that transforms high-level context models to management systems capable of maintaining and supplying context information to applications at run-time.},
	booktitle = {In 4th International Conference on Mobile Data Management ({MDM)} - Industrial Track},
	author = {Henricksen, Karen and Indulska, Jadwiga and Rakotonirainy, Andry},
	year = {2003},
	pages = {1–6},
	file = {Citeseer - Full Text PDF:/home/edlectrico/.mozilla/firefox/2o4o6qz8.default/zotero/storage/DQUD39DM/Henricksen et al. - 2003 - Generating Context Management Infrastructure from .pdf:application/pdf;Citeseer - Snapshot:/home/edlectrico/.mozilla/firefox/2o4o6qz8.default/zotero/storage/2CUH6KJA/summary.html:text/html}
},

@article{cheverst_design_1999,
	title = {Design of an object model for a context sensitive tourist {GUIDE}},
	volume = {23},url = {http://www.sciencedirect.com/science/article/pii/S0097849399001193},
	number = {6},
	urldate = {2013-01-29},
	journal = {Computers \& Graphics},
	author = {Cheverst, K. and Mitchell, K. and Davies, N.},
	year = {1999},
	pages = {883–891},
	file = {[PDF] de lancs.ac.uk:/home/edlectrico/.mozilla/firefox/2o4o6qz8.default/zotero/storage/I3FZFUBU/Cheverst et al. - 1999 - Design of an object model for a context sensitive .pdf:application/pdf;Snapshot:/home/edlectrico/.mozilla/firefox/2o4o6qz8.default/zotero/storage/32NIPETU/S0097849399001193.html:text/html}
},

@comment USER MODELS
@article{orwant_heterogeneous_1994,
	title = {Heterogeneous learning in the Doppelgänger user modeling system},
	volume = {4},
	url = {http://link.springer.com/article/10.1007/BF01099429},
	number = {2},
	urldate = {2013-09-17},
	journal = {User Modeling and User-Adapted Interaction},
	author = {Orwant, Jon},
	year = {1994},
	pages = {107–130},
	file = {Snapshot:/home/edlectrico/.mozilla/firefox/2o4o6qz8.default/zotero/storage/ZJVJN3GE/BF01099429.html:text/html}
},

@phdthesis{orwant_doppelgangeruser_1991,
	title = {Doppelgänger–a user modeling system},
	url = {http://18.7.29.232/handle/1721.1/12952},
	urldate = {2013-11-04},
	school = {Massachusetts Institute of Technology},
	author = {Orwant, Jon},
	year = {1991},
	file = {[PDF] de 18.7.29.232:/home/edlectrico/.mozilla/firefox/tx6aeu6q.default/zotero/storage/68ISJ65C/Orwant - 1991 - Doppelgänger–a user modeling system.pdf:application/pdf;Snapshot:/home/edlectrico/.mozilla/firefox/tx6aeu6q.default/zotero/storage/T2RTA485/12952.html:text/html}
},

@article{langley_user_1999,
	title = {User modeling in adaptive interfaces},
	url = {http://citeseerx.ist.psu.edu/viewdoc/download?doi=10.1.1.29.8715&rep=rep1&type=pdf},
	abstract = {Definición de Adaptive User Interface. Paper muy centrado en recomendaciones, no tanto en diseños cambiantes.},
	urldate = {2012-12-12},
	journal = {Courses and Lectures-International Centre for Mechanical Sciences},
	author = {Langley, P. and Hirsh, H.},
	year = {1999},
	pages = {357–370},
	file = {[PDF] de psu.edu:/home/edlectrico/.mozilla/firefox/tx6aeu6q.default/zotero/storage/CKTT58N9/Langley and Hirsh - 1999 - User modeling in adaptive interfaces.pdf:application/pdf}
},

@article{pohl_logic_based_1999,
	title = {Logic-based representation and reasoning for user modeling shell systems},
	volume = {9},
	url = {http://link.springer.com/article/10.1023/A:1008325713804},
	abstract = {Tesis. Según Kobsa hace un estudio de los procesos y estructuras que deben aparecer en los sistemas Shell.},
	number = {3},
	urldate = {2013-09-18},
	journal = {User Modeling and User-Adapted Interaction},
	author = {Pohl, Wolfgang},
	year = {1999},
	pages = {217–282},
	file = {Snapshot:/home/edlectrico/.mozilla/firefox/tx6aeu6q.default/zotero/storage/6JUTQEH3/A1008325713804.html:text/html}
},

@article{persad_characterising_2007,
	title = {Characterising user capabilities to support inclusive design evaluation},
	volume = {6},
	abstract = {Buen artículo sobre la caracterización de las capacidades de usuario. Muy interesante para utilizarlo como estado del arte de capacidades.},
	number = {2},
	journal = {Universal Access in the Information Society},
	author = {Persad, U. and Langdon, P. and Clarkson, J.},
	year = {2007},
	pages = {119–135},
	file = {[PDF] from tudelft.nl:/home/edlectrico/.mozilla/firefox/tx6aeu6q.default/zotero/storage/P5QVG88C/Persad et al. - 2007 - Characterising user capabilities to support inclus.pdf:application/pdf;Snapshot:/home/edlectrico/.mozilla/firefox/tx6aeu6q.default/zotero/storage/9TVVR97A/Persad et al. - 2007 - Characterising user capabilities to support inclus.html:text/html}
},

@inproceedings{persad_cognitive_2007,
	title = {Cognitive scales and mental models for inclusive design},
	abstract = {User cognitive demands.},
	booktitle = {Proceedings of the 4th international conference on Universal access in human computer interaction: coping with diversity},
	author = {Persad, U. and Langdon, P. and Brown, D. and Clarkson, P. J.},
	year = {2007},
	pages = {776–785},
	file = {[PDF] from wpi.edu:/home/edlectrico/.mozilla/firefox/tx6aeu6q.default/zotero/storage/DUQ9Q42N/Persad et al. - 2007 - Cognitive scales and mental models for inclusive d.pdf:application/pdf;Snapshot:/home/edlectrico/.mozilla/firefox/tx6aeu6q.default/zotero/storage/FHS4HT2R/citation.html:text/html}
},

@inproceedings{persad_exploring_2006,
	title = {Exploring user capabilities and health: A population perspective},
	shorttitle = {Exploring user capabilities and health},
	url = {http://publications.eng.cam.ac.uk/325700/},
	urldate = {2013-11-04},
	booktitle = {Proceedings of the Annual Ergonomics Society Conference on Contemporary Ergonomics' 06},
	author = {Persad, U. and Langdon, P. M. and Clarkson, P. J.},
	year = {2006},
	pages = {373–377},
	file = {Snapshot:/home/edlectrico/.mozilla/firefox/tx6aeu6q.default/zotero/storage/EHCVZHC5/325700.html:text/html}
},

@article{schieber_aging_1992,
	title = {Aging and the senses},
	volume = {2},
	journal = {Handbook of mental health and aging},
	author = {Schieber, Frank},
	year = {1992},
	pages = {251–306}
},

@book{design_2005,
	title = {BS 7000-6:2005 Design management systems. Part 6: Managing inclusive design.},
	publisher = {Guide. British Standards Institute},
	year = {2005},
},

@article{fischer_user_2001,
	title = {User modeling in human–computer interaction},
	volume = {11},
	issn = {0924-1868},
	abstract = {Adaptive vs. Adaptable. User Modeling in {HCI.}},
	number = {1},
	journal = {User modeling and user-adapted interaction},
	author = {Fischer, G.},
	year = {2001},
	pages = {65–86}
},

@book{cooper_inmates_2004,
	title = {The inmates are running the asylum},
	volume = {1},
	url = {http://www.lavoisier.fr/livre/notice.asp?ouvrage=1480606},
	urldate = {2013-11-04},
	publisher = {Sams},
	author = {Cooper, Alan and Saffo, Paul},
	year = {2004},
	file = {[HTML] de lavoisier.fr:/home/edlectrico/.mozilla/firefox/tx6aeu6q.default/zotero/storage/RIDSPJES/notice.html:text/html}
},

@article{casas_user_2008,
	title = {User modelling in ambient intelligence for elderly and disabled people},
	url = {http://www.springerlink.com/index/5085668312150127.pdf},
	abstract = {User profile basado en preferencias de usuario más que en características físicas.},
	urldate = {2013-01-03},
	journal = {Computers Helping People with Special Needs},
	author = {Casas, R. and Blasco Marín, R. and Robinet, A. and Delgado, A. and Yarza, A. and Mcginn, J. and Picking, R. and Grout, V.},
	year = {2008},
	pages = {114–122},
	file = {[PDF] de glyndwr.ac.uk:/home/edlectrico/.mozilla/firefox/2o4o6qz8.default/zotero/storage/JMD5P79D/Casas et al. - 2008 - User modelling in ambient intelligence for elderly.pdf:application/pdf;Snapshot:/home/edlectrico/.mozilla/firefox/2o4o6qz8.default/zotero/storage/RG52TH6N/10.html:text/html}
},

@incollection{heckmann_gumogeneral_2005,
	title = {Gumo–the general user model ontology},
	url = {http://link.springer.com/chapter/10.1007/11527886_58},
	urldate = {2014-09-23},
	booktitle = {User Modeling 2005},
	publisher = {Springer},
	author = {Heckmann, Dominik and Schwartz, Tim and Brandherm, Boris and Schmitz, Michael and von Wilamowitz-Moellendorff, Margeritta},
	year = {2005},
	pages = {428--432},
	file = {[PDF] de researchgate.net:/home/edlectrico/.mozilla/firefox/2o4o6qz8.default/zotero/storage/I7DSWUI5/Heckmann et al. - 2005 - Gumo–the general user model ontology.pdf:application/pdf;Snapshot:/home/edlectrico/.mozilla/firefox/2o4o6qz8.default/zotero/storage/5X23W6AH/11527886_58.html:text/html}
},

@article{babisch_noise_stress_2002,
	title = {The noise/stress concept, risk assessment and research needs},
	volume = {4},
	url = {http://www.noiseandhealth.org/article.asp?issn=1463-1741;year=2002;volume=4;issue=16;spage=1;epage=11;aulast=Babisch},
	number = {16},
	urldate = {2013-01-02},
	journal = {Noise and health},
	author = {Babisch, W.},
	year = {2002},
	pages = {1},
	file = {[HTML] de noiseandhealth.org:/home/edlectrico/.mozilla/firefox/2o4o6qz8.default/zotero/storage/64KX8NUT/article.html:text/html}
},

@incollection{evers_achieving_2012,
	series = {Lecture Notes in Computer Science},
	title = {Achieving User Participation for Adaptive Applications},
	copyright = {©2012 Springer-Verlag Berlin Heidelberg},
	isbn = {978-3-642-35376-5, 978-3-642-35377-2},
	url = {http://link.springer.com/chapter/10.1007/978-3-642-35377-2_28},
	abstract = {Adaptive applications establish the basis for many ubiquitous computing scenarios as they can dynamically adapt to changing contexts. But adaptive applications lack of success when the adaptive behaviour does not correspond to the user’s interaction habits. A user study revealed that such applications are not satisfying for complex scenarios with a high degree of user interaction. We claim that there must be a trade-off between automation and user participation. By extending an existing adaptation middleware with capabilities to respect user preference and interaction behaviour we demonstrate how to integrate the user in the self-adaptation loop. Interdisciplinary results from the fields of usability engineering and interaction design include the need for an adaptation notification concept to avoid mismatching adaptation behaviour.},
	urldate = {2012-12-13},
	booktitle = {Ubiquitous Computing and Ambient Intelligence},
	publisher = {Springer Berlin Heidelberg},
	author = {Evers, Christoph and Kniewel, Romy and Geihs, Kurt and Schmidt, Ludger},
	month = jan,
	year = {2012},
	keywords = {Artificial Intelligence (incl. Robotics), Computer Communication Networks, Computers and Society, Information Systems Applications (incl. Internet), Software Engineering, User Interfaces and Human Computer Interaction},
	pages = {200--207},
	annote = {{UCAMI} 2012. Habla mucho de la ansiedad que pueden provocar los cambios de interfaz dinámicos en el usuario y de las 3 vías que existen para realizar las adaptaciones.},
	file = {Snapshot:/home/edlectrico/.mozilla/firefox/2o4o6qz8.default/zotero/storage/7EFKB86T/10.html:text/html}
},

@inproceedings{liao_decision_2005,
	title = {A decision theoretic model for stress recognition and user assistance},
	volume = {20},
	url = {http://www.aaai.org/Papers/AAAI/2005/AAAI05-083.pdf},
	urldate = {2013-02-11},
	booktitle = {{PROCEEDINGS} {OF} {THE} {NATIONAL} {CONFERENCE} {ON} {ARTIFICIAL} {IN℡LIGENCE}},
	author = {Liao, W. and Zhang, W. and Zhu, Z. and Ji, Q.},
	year = {2005},
	pages = {529},
	file = {[PDF] de rpiscrews.us:/home/edlectrico/.mozilla/firefox/2o4o6qz8.default/zotero/storage/9VNHZB7K/Liao et al. - 2005 - A decision theoretic model for stress recognition .pdf:application/pdf}
},

@inproceedings{pereira_triple_2005,
	title = {A Triple User Characterization Model for Video Adaptation and Quality of Experience Evaluatio},
	url = {http://ieeexplore.ieee.org/xpls/abs_all.jsp?arnumber=4013946},
	abstract = {Ni modelo ni nada.},
	urldate = {2013-09-18},
	booktitle = {Multimedia Signal Processing, 2005 {IEEE} 7th Workshop on},
	author = {Pereira, Fernando},
	year = {2005},
	pages = {1–4},
	file = {[PDF] from it.pt:/home/edlectrico/.mozilla/firefox/2o4o6qz8.default/zotero/storage/GPBSH9FG/Pereira - 2005 - A Triple User Characterization Model for Video Ada.pdf:application/pdf;Snapshot:/home/edlectrico/.mozilla/firefox/2o4o6qz8.default/zotero/storage/QGDJ7KHN/freeabs_all.html:text/html}
},

@article{hatala_ontology_based_2005,
	title = {Ontology-based user modeling in an augmented audio reality system for museums},
	volume = {15},
	url = {http://link.springer.com/article/10.1007/s11257-005-2304-5},
	abstract = {Presentan un modelo dependiente del dominio de museos. Evaluación y validación del modelo. Evaluación de la interacción del usuario y su experiencia.},
	number = {3-4},
	urldate = {2013-09-18},
	journal = {User Modeling and User-Adapted Interaction},
	author = {Hatala, Marek and Wakkary, Ron},
	year = {2005},
	pages = {339–380},
	file = {[PDF] from sfu.ca:/home/edlectrico/.mozilla/firefox/2o4o6qz8.default/zotero/storage/5RBHKHUS/Hatala and Wakkary - 2005 - Ontology-based user modeling in an augmented audio.pdf:application/pdf;Snapshot:/home/edlectrico/.mozilla/firefox/2o4o6qz8.default/zotero/storage/8JITM2NQ/s11257-005-2304-5.html:text/html}
},

@book{dourish_where_2004,
	title = {Where the action is: the foundations of embodied interaction},
	shorttitle = {Where the action is},
	url = {http://books.google.es/books?hl=es&lr=&id=DCIy2zxrCqcC&oi=fnd&pg=PR7&dq=where+the+action+is+dourish&ots=oD33f4a4Vi&sig=ijawRNJJ-MUvz0gtxivpqJ8jel0},
	urldate = {2013-11-06},
	publisher = {The {MIT} Press},
	author = {Dourish, Paul},
	year = {2004},
	file = {[PDF] de gla.ac.uk:/home/edlectrico/.mozilla/firefox/2o4o6qz8.default/zotero/storage/ASHH2IGZ/Dourish - 2004 - Where the action is the foundations of embodied i.pdf:application/pdf;Snapshot:/home/edlectrico/.mozilla/firefox/2o4o6qz8.default/zotero/storage/GU6KXXZ4/books.html:text/html}
},

@article{dourish_what_2004,
	title = {What we talk about when we talk about context},
	volume = {8},
	url = {http://link.springer.com/article/10.1007/s00779-003-0253-8},
	number = {1},
	urldate = {2013-11-06},
	journal = {Personal and ubiquitous computing},
	author = {Dourish, Paul},
	year = {2004},
	pages = {19–30},
	file = {[PDF] de kth.se:/home/edlectrico/.mozilla/firefox/2o4o6qz8.default/zotero/storage/5DICZMW9/Dourish - 2004 - What we talk about when we talk about context.pdf:application/pdf;Snapshot:/home/edlectrico/.mozilla/firefox/2o4o6qz8.default/zotero/storage/K3ZR5MWR/s00779-003-0253-8.html:text/html}
},

@article{allen_plan_based_1979,
	title = {A plan-based approach to speech act recognition},
	url = {http://dl.acm.org/citation.cfm?id=909217},
	urldate = {2013-11-07},
	author = {Allen, James Frederick},
	year = {1979},
	file = {Snapshot:/home/edlectrico/.mozilla/firefox/2o4o6qz8.default/zotero/storage/3G32S39U/citation.html:text/html}
},

@inproceedings{perrault_speech_1978,
	title = {Speech acts as a basis for understanding dialogue coherence},
	url = {http://dl.acm.org/citation.cfm?id=980282},
	urldate = {2013-11-07},
	booktitle = {Proceedings of the 1978 workshop on Theoretical issues in natural language processing},
	author = {Perrault, C. Raymond and Allen, James F. and Cohen, Philip R.},
	year = {1978},
	pages = {125–132},
	file = {[PDF] de upenn.edu:/home/edlectrico/.mozilla/firefox/2o4o6qz8.default/zotero/storage/TB39GP9H/Perrault et al. - 1978 - Speech acts as a basis for understanding dialogue .pdf:application/pdf;Snapshot:/home/edlectrico/.mozilla/firefox/2o4o6qz8.default/zotero/storage/5HEK9WTZ/citation.html:text/html}
},

@article{cohen_elements_1979,
	title = {Elements of a plan-based theory of speech acts},
	volume = {3},
	url = {http://www.sciencedirect.com/science/article/pii/S0364021379800063},
	number = {3},
	urldate = {2013-11-07},
	journal = {Cognitive science},
	author = {Cohen, Philip R. and Perrault, C. Raymond},
	year = {1979},
	pages = {177–212},
	file = {Snapshot:/home/edlectrico/.mozilla/firefox/2o4o6qz8.default/zotero/storage/HERPXEW5/S0364021379800063.html:text/html}
},

@inproceedings{rich_building_1979,
	title = {Building and exploiting user models},
	url = {http://dl.acm.org/citation.cfm?id=1623079},
	urldate = {2013-11-07},
	booktitle = {Proceedings of the 6th international joint conference on Artificial intelligence-Volume 2},
	author = {Rich, Elaine},
	year = {1979},
	pages = {720–722},
	file = {Snapshot:/home/edlectrico/.mozilla/firefox/2o4o6qz8.default/zotero/storage/N6WM2UCP/citation.html:text/html}
},

@article{rich_user_1979,
	title = {User modeling via stereotypes},
	volume = {3},
	url = {http://www.sciencedirect.com/science/article/pii/S0364021379800129},
	number = {4},
	urldate = {2013-11-07},
	journal = {Cognitive science},
	author = {Rich, Elaine},
	year = {1979},
	pages = {329–354},
	file = {Snapshot:/home/edlectrico/.mozilla/firefox/2o4o6qz8.default/zotero/storage/9TSA9UMC/S0364021379800129.html:text/html}
},

@inproceedings{finin_gums_1986,
	title = {{GUMS:} A general user modeling system},
	shorttitle = {{GUMS}},
	url = {http://dl.acm.org/citation.cfm?id=1077173},
	urldate = {2013-11-07},
	booktitle = {Proceedings of the workshop on Strategic computing natural language},
	author = {Finin, Tim and Drager, David},
	year = {1986},
	pages = {224–230},
	file = {[PDF] de upenn.edu:/home/edlectrico/.mozilla/firefox/2o4o6qz8.default/zotero/storage/VT7CTN8V/Finin and Drager - 1986 - GUMS A general user modeling system.pdf:application/pdf;Snapshot:/home/edlectrico/.mozilla/firefox/2o4o6qz8.default/zotero/storage/76ZE5EMC/citation.html:text/html}
},

@article{brajnik1994shell,
  title={A shell for developing non-monotonic user modeling systems},
  author={Brajnik, Giorgio and Tasso, Carlo},
  journal={International Journal of Human-Computer Studies},
  volume={40},
  number={1},
  pages={31--62},
  year={1994},
  publisher={Elsevier}
},

@article{kobsa1994user,
  title={The user modeling shell system BGP-MS},
  author={Kobsa, Alfred and Pohl, Wolfgang},
  journal={User Modeling and User-Adapted Interaction},
  volume={4},
  number={2},
  pages={59--106},
  year={1994},
  publisher={Springer}
},

@article{paiva1994tagus,
  title={TAGUS—A user and learner modeling workbench},
  author={Paiva, Ana and Self, John},
  journal={User Modeling and User-Adapted Interaction},
  volume={4},
  number={3},
  pages={197--226},
  year={1994},
  publisher={Springer}
},

@article{kay1994toolkit,
  title={The um toolkit for cooperative user modelling},
  author={Kay, Judy},
  journal={User Modeling and User-Adapted Interaction},
  volume={4},
  number={3},
  pages={149--196},
  year={1994},
  publisher={Springer}
},

@book{heckmann_ubiquitous_2005,
	title = {Ubiquitous user modeling},
	volume = {297},
	abstract = {Tesis},
	urldate = {2013-09-17},
	publisher = {{IOS} Press},
	author = {Heckmann, Dominikus},
	year = {2005}
},

@inproceedings{lemlouma_context_aware_2004,
	title = {Context-aware adaptation for mobile devices},
	url = {http://ieeexplore.ieee.org/xpls/abs_all.jsp?arnumber=1263048},
	urldate = {2013-02-12},
	booktitle = {Mobile Data Management, 2004. Proceedings. 2004 {IEEE} International Conference on},
	author = {Lemlouma, Tayeb and Layaïda, Nabil},
	year = {2004},
	pages = {106–111},
	file = {[PDF] de inria.fr:/home/edlectrico/.mozilla/firefox/2o4o6qz8.default/zotero/storage/A8ZWTJ85/Lemlouma and Layaïda - 2004 - Context-aware adaptation for mobile devices.pdf:application/pdf;Snapshot:/home/edlectrico/.mozilla/firefox/2o4o6qz8.default/zotero/storage/CGNIFKG5/freeabs_all.html:text/html}
},

@article{butler_implementing_2001,
	title = {Implementing content negotiation using {CC/PP} and {WAP} {UAProf}},
	url = {http://www.hpl.hp.com/techreports/2001/HPL-2001-190.pdf},
	number = {190},
	urldate = {2013-02-15},
	journal = {{HP} {LABORATORIES} {TECHNICAL} {REPORT} {HPL}},
	author = {Butler, Mark H.},
	year = {2001}
},

@inproceedings{butler_ccpp_2002,
	title = {{CC/PP} and {UAProf:} Issues, improvements and future directions},
	shorttitle = {{CC/PP} and {UAProf}},
	url = {https://www.hpl.hp.com/techreports/2002/HPL-2002-35.pdf},
	urldate = {2013-02-15},
	booktitle = {Proceedings of {W3C} Delivery Context Workshop ({DIWS} 2002)},
	author = {Butler, Mark H.},
	year = {2002},
	file = {[PDF] de hp.com:/home/edlectrico/.mozilla/firefox/2o4o6qz8.default/zotero/storage/5ETN83KF/Butler - 2002 - CCPP and UAProf Issues, improvements and future .pdf:application/pdf}
},

@article{jiang_learning_2009,
	title = {Learning and inferencing in user ontology for personalized Semantic Web search},
	volume = {179},
	url = {http://www.sciencedirect.com/science/article/pii/S0020025509001595},
	number = {16},
	urldate = {2013-11-22},
	journal = {Information sciences},
	author = {Jiang, Xing and Tan, Ah-Hwee},
	year = {2009},
	pages = {2794–2808},
	file = {[PDF] de ntu.edu.sg:/home/edlectrico/.mozilla/firefox/2o4o6qz8.default/zotero/storage/WHZC7P4Q/Jiang and Tan - 2009 - Learning and inferencing in user ontology for pers.pdf:application/pdf;Snapshot:/home/edlectrico/.mozilla/firefox/2o4o6qz8.default/zotero/storage/F57BIN2V/S0020025509001595.html:text/html}
},

@inproceedings{ruiz_montiel_semantically_2009,
	title = {Semantically enhanced recommender systems},
	url = {http://link.springer.com/chapter/10.1007/978-3-642-05290-3_74},
	urldate = {2013-11-22},
	booktitle = {On the Move to Meaningful Internet Systems: {OTM} 2009 Workshops},
	author = {Ruiz-Montiel, Manuela and Aldana-Montes, José F.},
	year = {2009},
	pages = {604–609},
	file = {[PDF] de researchgate.net:/home/edlectrico/.mozilla/firefox/2o4o6qz8.default/zotero/storage/JD7447NB/Ruiz-Montiel and Aldana-Montes - 2009 - Semantically enhanced recommender systems.pdf:application/pdf;Snapshot:/home/edlectrico/.mozilla/firefox/2o4o6qz8.default/zotero/storage/24PJH62N/978-3-642-05290-3_74.html:text/html}
},

@article{middleton_ontological_2004,
	title = {Ontological user profiling in recommender systems},
	volume = {22},
	url = {http://dl.acm.org/citation.cfm?id=963773},
	number = {1},
	urldate = {2013-11-26},
	journal = {{ACM} Transactions on Information Systems ({TOIS)}},
	author = {Middleton, Stuart E. and Shadbolt, Nigel R. and De Roure, David C.},
	year = {2004},
	pages = {54–88},
	file = {[PDF] de soton.ac.uk:/home/edlectrico/.mozilla/firefox/2o4o6qz8.default/zotero/storage/6CWEW6SZ/Middleton et al. - 2004 - Ontological user profiling in recommender systems.pdf:application/pdf;Snapshot:/home/edlectrico/.mozilla/firefox/2o4o6qz8.default/zotero/storage/285UIZ7T/citation.html:text/html}
},

@article{gauch_ontology_based_2003,
	title = {Ontology-based personalized search and browsing},
	volume = {1},
	url = {http://iospress.metapress.com/index/d68rmj5v6c897x3c.pdf},
	number = {3},
	urldate = {2013-11-26},
	journal = {Web Intelligence and Agent Systems},
	author = {Gauch, Susan and Chaffee, Jason and Pretschner, Alexander},
	year = {2003},
	pages = {219–234},
	file = {[PDF] de psu.edu:/home/edlectrico/.mozilla/firefox/2o4o6qz8.default/zotero/storage/I7493KIR/Gauch et al. - 2003 - Ontology-based personalized search and browsing.pdf:application/pdf;Snapshot:/home/edlectrico/.mozilla/firefox/2o4o6qz8.default/zotero/storage/2AG3F95Q/d68rmj5v6c897x3c.html:text/html}
},

@inproceedings{trajkova_improving_2004,
	title = {Improving Ontology-Based User Profiles.},
	url = {http://eolo.cps.unizar.es/docencia/MasterUPV/Articulos/Improving%20Ontology-Based%20User%20Profiles.pdf},
	urldate = {2013-11-26},
	booktitle = {{RIAO}},
	author = {Trajkova, Joana and Gauch, Susan},
	year = {2004},
	pages = {380–390},
	file = {[PDF] de unizar.es:/home/edlectrico/.mozilla/firefox/2o4o6qz8.default/zotero/storage/94X7BH84/Trajkova and Gauch - 2004 - Improving Ontology-Based User Profiles..pdf:application/pdf}
},

@article{krotzsch_description_2012,
	title = {A description logic primer},
	url = {http://arxiv.org/abs/1201.4089},
	urldate = {2014-06-05},
	journal = {{arXiv} preprint {arXiv:1201.4089}},
	author = {Krötzsch, Markus and Simancik, Frantisek and Horrocks, Ian},
	year = {2012},
	file = {[PDF] de arxiv.org:/home/edlectrico/.mozilla/firefox/2o4o6qz8.default/zotero/storage/FINNUN9H/Krötzsch et al. - 2012 - A description logic primer.pdf:application/pdf;Snapshot:/home/edlectrico/.mozilla/firefox/2o4o6qz8.default/zotero/storage/XQWBZ99B/1201.html:text/html}
},

@inproceedings{weerawarana_bean_2001,
	title = {Bean Markup Language: A composition language for {JavaBeans} components},
	shorttitle = {Bean Markup Language},
	url = {http://dl.acm.org/citation.cfm?id=1268254},
	urldate = {2012-07-24},
	booktitle = {Proceedings of the 6th conference on {USENIX} Conference on Object-Oriented Technologies and Systems-Volume 6},
	author = {Weerawarana, S. and Curbera, F. and Duftler, M. J. and Epstein, D. A. and Kesselman, J.},
	year = {2001},
	pages = {13–13},
	file = {Snapshot:/home/edlectrico/.mozilla/firefox/2o4o6qz8.default/zotero/storage/FSIVF3D4/citation.html:text/html}
}, 

@article{calvary_supporting_2001,
	title = {Supporting context changes for plastic user interfaces: a process and a mechanism},
	shorttitle = {Supporting context changes for plastic user interfaces},
	journal = {People and Computers},
	author = {Calvary, G. and Coutaz, J. and Thevenin, D.},
	year = {2001},
	pages = {349–364},
	file = {[PDF] from cnr.it:/home/edlectrico/.mozilla/firefox/2o4o6qz8.default/zotero/storage/G2CBG2NH/Calvary et al. - 2001 - Supporting context changes for plastic user interf.pdf:application/pdf;Snapshot:/home/edlectrico/.mozilla/firefox/2o4o6qz8.default/zotero/storage/NR5Z3ZKJ/Calvary et al. - 2001 - Supporting context changes for plastic user interf.html:text/html}
}, 

@inproceedings{lehtonen_dynamic_2002,
	title = {A dynamic user interface for document assembly},
	abstract = {Herramienta para la adaptación dinámica de documentos según parámetros que va especificando el usuario (idioma, tipo de documento, etc). La parte de cómo realizan la adaptación es interesante, basándose en unos ficheros de configuración ({PCF}) que especifican el aspecto de la interfaz y almacena las selecciones de parámetros del usuario.

La {UI} está basada en Bean Markup Language (lenguaje orientado a las {UI}) y Java Beans. {BML} es directamente ejecutable, por tanto se puede lanzar en tiempo de ejecución.},
	booktitle = {Proceedings of the 2002 {ACM} symposium on Document engineering},
	author = {Lehtonen, M. and Petit, R. and Heinonen, O. and Lindén, G.},
	year = {2002},
	pages = {134–141},
	file = {[PDF] from psu.edu:/home/edlectrico/.mozilla/firefox/2o4o6qz8.default/zotero/storage/6NRTSMJT/Lehtonen et al. - 2002 - A dynamic user interface for document assembly.pdf:application/pdf;Snapshot:/home/edlectrico/.mozilla/firefox/2o4o6qz8.default/zotero/storage/SZWTK877/Lehtonen et al. - 2002 - A dynamic user interface for document assembly.html:text/html}
},

@inproceedings{repo_facilitating_2004,
	title = {Facilitating user interface adaptation to mobile devices},
	abstract = {Se centran en la fase de adaptación inicial, cuando se reconocen las capacidades del dispositivo móvil. La idea es un poco "otsopack". Tienen un middleware que gestiona los cambios en el contexto. Básicamente lo que hacen es que si un nuevo dispositivo entra en un entorno en el que existe un servicio disponible, gracias a este middleware el servicio consulta las capacidades al dispositivo ({HW} y {SW}), y después le envía la {IU} adecuada para el mismo. Es como si el servicio fuera un servidor y el cliente fuera el dispositivo. Ambos (dispositivo y servicio) deberán tener un {SW} instalado para poder comunicarse, etc.},
	booktitle = {Proceedings of the third Nordic conference on Human-computer interaction},
	author = {Repo, P.},
	year = {2004},
	pages = {433–436},
	file = {Google Scholar Linked Page:/home/edlectrico/.mozilla/firefox/2o4o6qz8.default/zotero/storage/9IWN73CA/citation.html:text/html}
},

@inproceedings{hallsteinsen_self_adaptation_2004,
	title = {Self-adaptation for everyday systems},
	abstract = {Basándose en un middleware que gestiona los cambios del contexto, y en la misma arquitectura que el artículo "Model-based user interface adaption", la idea es que se reacciona a los cambios del contexto aportando configuraciones alternativas a la actual.},
	booktitle = {Proceedings of the 1st {ACM} {SIGSOFT} workshop on Self-managed systems},
	author = {Hallsteinsen, S. and Stav, E. and Floch, J.},
	year = {2004},
	pages = {69–74},
	file = {Google Scholar Linked Page:/home/edlectrico/.mozilla/firefox/2o4o6qz8.default/zotero/storage/JJWNC2II/citation.html:text/html}
},

@inproceedings{stuerzlinger_user_2006,
	title = {User interface façades: towards fully adaptable user interfaces},
	shorttitle = {User interface façades},
	abstract = {Estado del arte interesante, aunque el artículo se centra en adaptaciones de ventanas de aplicaciones de entornos desktop y la adaptación, reconfiguración y re-combinación de las interfaces mediante un sistema User Interface Facades.},
	booktitle = {Proceedings of the 19th annual {ACM} symposium on User interface software and technology},
	author = {Stuerzlinger, W. and Chapuis, O. and Phillips, D. and Roussel, N.},
	year = {2006},
	pages = {309–318},
	file = {[PDF] from inria.fr:/home/edlectrico/.mozilla/firefox/2o4o6qz8.default/zotero/storage/PNWR5DF3/Stuerzlinger et al. - 2006 - User interface façades towards fully adaptable us.pdf:application/pdf;Snapshot:/home/edlectrico/.mozilla/firefox/2o4o6qz8.default/zotero/storage/3NWE522W/Stuerzlinger et al. - 2006 - User interface façades towards fully adaptable us.html:text/html}
},

@inproceedings{marmolin_medium_1995,
	title = {Medium versus mechanism: Supporting collaboration through customisation},
	volume = {8},
	shorttitle = {Medium versus mechanism},
	booktitle = {{ECSCW}'95: proceedings of the Fourth European Conference on Computer-Supported Cooperative Work, 10-14 September 1995, Stockholm, Sweden},
	author = {Marmolin, H. and Sundblad, Y. and Schmidt, K. and others},
	year = {1995},
	pages = {133},
	file = {[PDF] from psu.edu:/home/edlectrico/.mozilla/firefox/2o4o6qz8.default/zotero/storage/9AJXNACA/Marmolin et al. - 1995 - Medium versus mechanism Supporting collaboration .pdf:application/pdf;Snapshot:/home/edlectrico/.mozilla/firefox/2o4o6qz8.default/zotero/storage/ER2J696T/Marmolin et al. - 1995 - Medium versus mechanism Supporting collaboration .html:text/html}
},

@incollection{razmerita_ontology_based_2003,
	title = {Ontology-based user modeling for knowledge management systems},
	url = {http://link.springer.com/chapter/10.1007/3-540-44963-9_29},
	urldate = {2014-01-02},
	booktitle = {User Modeling 2003},
	publisher = {Springer},
	author = {Razmerita, Liana and Angehrn, Albert and Maedche, Alexander},
	year = {2003},
	pages = {213–217},
	file = {[PDF] de insead.edu:/home/edlectrico/.mozilla/firefox/2o4o6qz8.default/zotero/storage/ANIIXWRS/Razmerita et al. - 2003 - Ontology-based user modeling for knowledge managem.pdf:application/pdf;Snapshot:/home/edlectrico/.mozilla/firefox/2o4o6qz8.default/zotero/storage/G46SUBF3/3-540-44963-9_29.html:text/html}
}, 

@inproceedings{golemati_creating_2007,
	title = {Creating an ontology for the user profile: Method and applications},
	shorttitle = {Creating an ontology for the user profile},
	booktitle = {Proceedings of the First {RCIS} Conference},
	author = {Golemati, M. and Katifori, A. and Vassilakis, C. and Lepouras, G. and Halatsis, C.},
	year = {2007},
	pages = {407–412},
	file = {Google Scholar Linked Page:/home/edlectrico/.mozilla/firefox/2o4o6qz8.default/zotero/storage/IF5N3VUF/Golemati et al. - 2007 - Creating an ontology for the user profile Method .pdf:application/pdf}
},

@incollection{skillen2012ontological,
	title = {Ontological user profile modeling for context-aware application personalization},
	url = {http://link.springer.com/chapter/10.1007/978-3-642-35377-2_36},
	urldate = {2014-08-08},
	booktitle = {Ubiquitous Computing and Ambient Intelligence},
	publisher = {Springer},
	author = {Skillen, Kerry-Louise and Chen, Liming and Nugent, Chris D. and Donnelly, Mark P. and Burns, William and Solheim, Ivar},
	year = {2012},
	pages = {261–268},
	file = {[PDF] de mobilesage.no:/home/edlectrico/.mozilla/firefox/2o4o6qz8.default/zotero/storage/MIUVAHA3/Skillen et al. - 2012 - Ontological user profile modeling for context-awar.pdf:application/pdf;Snapshot:/home/edlectrico/.mozilla/firefox/2o4o6qz8.default/zotero/storage/7UDFRVM5/978-3-642-35377-2_36.html:text/html}
},

@inproceedings{davidson_youtube_2010,
	title = {The {YouTube} video recommendation system},
	url = {http://dl.acm.org/citation.cfm?id=1864770},
	urldate = {2014-08-08},
	booktitle = {Proceedings of the fourth {ACM} conference on Recommender systems},
	publisher = {{ACM}},
	author = {Davidson, James and Liebald, Benjamin and Liu, Junning and Nandy, Palash and Van Vleet, Taylor and Gargi, Ullas and Gupta, Sujoy and He, Yu and Lambert, Mike and Livingston, Blake and {others}},
	year = {2010},
	pages = {293–296},
	file = {[PDF] de googlecode.com:/home/edlectrico/.mozilla/firefox/2o4o6qz8.default/zotero/storage/6TNNV4SC/Davidson et al. - 2010 - The YouTube video recommendation system.pdf:application/pdf;Snapshot:/home/edlectrico/.mozilla/firefox/2o4o6qz8.default/zotero/storage/46TS5TQF/citation.html:text/html}
}, 

@inproceedings{mcavoy_ontology_based_2012,
	title = {An Ontology-based Context Management System for Smart Environments},
	url = {http://www.thinkmind.org/index.php?view=article&articleid=ubicomm_2012_1_40_10164},
	urldate = {2014-01-03},
	booktitle = {{UBICOMM} 2012, The Sixth International Conference on Mobile Ubiquitous Computing, Systems, Services and Technologies},
	author = {McAvoy, Laura M. and Chen, Liming and Donnelly, Mark},
	year = {2012},
	pages = {18–23},
	file = {[PDF] de thinkmind.org:/home/edlectrico/.mozilla/firefox/2o4o6qz8.default/zotero/storage/9SKN68E7/McAvoy et al. - 2012 - An Ontology-based Context Management System for Sm.pdf:application/pdf;Snapshot:/home/edlectrico/.mozilla/firefox/2o4o6qz8.default/zotero/storage/HPT7HUHN/index.html:text/html}
},

@article{almeida_assessing_2012,
	title = {Assessing ambiguity of context data in intelligent environments: Towards a more reliable context managing system},
	volume = {12},
	shorttitle = {Assessing ambiguity of context data in intelligent environments},
	url = {http://www.mdpi.com/1424-8220/12/4/4934},
	number = {4},
	urldate = {2014-01-07},
	journal = {Sensors},
	author = {Almeida, Aitor and {López-de-Ipiña}, Diego},
	year = {2012},
	pages = {4934–4951},
	file = {[PDF] de mdpi.com:/home/edlectrico/.mozilla/firefox/2o4o6qz8.default/zotero/storage/QD9XNR95/Almeida and López-de-Ipiña - 2012 - Assessing ambiguity of context data in intelligent.pdf:application/pdf;Snapshot:/home/edlectrico/.mozilla/firefox/2o4o6qz8.default/zotero/storage/P4JUUJAC/4934.html:text/html}
},

@article{gibbs_considerate_2005,
	title = {Considerate computing},
	volume = {292},
	url = {http://www.nature.com/scientificamerican/journal/v292/n1/full/scientificamerican0105-54.html},
	number = {1},
	urldate = {2014-08-08},
	journal = {Scientific American},
	author = {Gibbs, W. Wayt},
	year = {2005},
	pages = {54–61},
	file = {Snapshot:/home/edlectrico/.mozilla/firefox/2o4o6qz8.default/zotero/storage/P5QJ7IC5/scientificamerican0105-54.html:text/html}
},

@article{hervas_context_2010,
	title = {A Context Model based on Ontological Languages: a Proposal for Information Visualization.},
	volume = {16},
	shorttitle = {A Context Model based on Ontological Languages},
	url = {http://www.jucs.org/jucs_16_12/a_context_model_based/jucs_16_12_1539_1555_hervas.pdf},
	number = {12},
	urldate = {2014-08-12},
	journal = {J. {UCS}},
	author = {Hervás, Ramón and Bravo, José and Fontecha, Jesús},
	year = {2010},
	pages = {1539–1555},
	file = {Snapshot:/home/edlectrico/.mozilla/firefox/2o4o6qz8.default/zotero/storage/U6HWDRJI/jucs_16_12_1539_1555_hervas.pdf:application/pdf}
},

@inproceedings{chen_soupa_2004,
	title = {Soupa: Standard ontology for ubiquitous and pervasive applications},
	shorttitle = {Soupa},
	url = {http://ieeexplore.ieee.org/xpls/abs_all.jsp?arnumber=1331732},
	urldate = {2014-08-12},
	booktitle = {Mobile and Ubiquitous Systems: Networking and Services, 2004. {MOBIQUITOUS} 2004. The First Annual International Conference on},
	publisher = {{IEEE}},
	author = {Chen, Harry and Perich, Filip and Finin, Tim and Joshi, Anupam},
	year = {2004},
	pages = {258–267}
},

@article{wilson_users_2000,
	title = {Do users always know what's good for them? Utilising physiological responses to assess media quality},
	shorttitle = {Do users always know what's good for them?},
	url = {http://books.google.es/books?hl=en&lr=&id=xmtXFFfIPo4C&oi=fnd&pg=PA327&dq=Do+users+always+know+what%E2%80%99s+good+for+them&ots=Lfbmz5xGCo&sig=pnyDY0W_vINeQu3FXbsCJtJKtss},
	urldate = {2013-03-22},
	journal = {Do users always know what's good for them? Utilising physiological responses to assess media quality},
	author = {Wilson, Gillian M. and Sasse, M. Angela},
	year = {2000},
	pages = {327–340},
	file = {[PDF] from psu.edu:/home/edlectrico/.mozilla/firefox/2o4o6qz8.default/zotero/storage/A6RM8U23/Wilson and Sasse - 2000 - Do users always know what's good for them Utilisi.pdf:application/pdf;Snapshot:/home/edlectrico/.mozilla/firefox/2o4o6qz8.default/zotero/storage/JHNM34AM/books.html:text/html}
},

@article{hong_context_aware_2009,
	title = {Context-aware systems: A literature review and classification},
	volume = {36},
	shorttitle = {Context-aware systems},
	url = {http://www.sciencedirect.com/science/article/pii/S0957417408007574},
	abstract = {Lo más importante es la parte de Discussion. Hablan del cognitive context (6.1).},
	number = {4},
	urldate = {2013-09-18},
	journal = {Expert Systems with Applications},
	author = {Hong, Jong-yi and Suh, Eui-ho and Kim, Sung-Jin},
	year = {2009},
	pages = {8509–8522},
	file = {[PDF] from psu.edu:/home/edlectrico/.mozilla/firefox/2o4o6qz8.default/zotero/storage/T7ZJFCDA/Hong et al. - 2009 - Context-aware systems A literature review and cla.pdf:application/pdf;Snapshot:/home/edlectrico/.mozilla/firefox/2o4o6qz8.default/zotero/storage/QUB6K3UQ/S0957417408007574.html:text/html}
},

@inproceedings{yus_android_2013,
	title = {Android goes Semantic: {DL} Reasoners on Smartphones.},
	shorttitle = {Android goes Semantic},
	booktitle = {{ORE}},
	publisher = {Citeseer},
	author = {Yus, Roberto and Bobed, Carlos and Esteban, Guillermo and Bobillo, Fernando and Mena, Eduardo},
	year = {2013},
	pages = {46--52},
	file = {[PDF] de ceur-ws.org:/home/edlectrico/.mozilla/firefox/2o4o6qz8.default/zotero/storage/N47R7R98/Yus et al. - 2013 - Android goes Semantic DL Reasoners on Smartphones.pdf:application/pdf}
},

@article{bobed_android_2014,
	title = {Android Went Semantic: Time for Evaluation},
	shorttitle = {Android Went Semantic},
	url = {http://ra.cps.unizar.es:8080/PUBLICATIONS/attachedFiles/document/ore2014_submission_1.pdf},
	urldate = {2014-09-02},
	author = {Bobed, Carlos and Bobillo, Fernando and Yus, Roberto and Esteban, Guillermo and Mena, Eduardo},
	file = {[PDF] de unizar.es:/home/edlectrico/.mozilla/firefox/2o4o6qz8.default/zotero/storage/GPNPTAVA/Bobed et al. - Android Went Semantic Time for Evaluation.pdf:application/pdf}
},

@article{carroll_owl_2004,
	title = {{OWL} web ontology language test cases},
	volume = {10},
	journal = {W3C recommendation},
	author = {Carroll, Jeremy J. and De Roo, Jos},
	year = {2004}
},

@article{roupa_use_2010,
	title = {The use of technology by the elderly},
	volume = {4},
	url = {http://www.hsj.gr/volume4/issue2/428.pdf},
	number = {2},
	urldate = {2014-10-13},
	journal = {Health Science Journal},
	author = {Roupa, Zoe and Nikas, Marios and Gerasimou, Elena and Zafeiri, Vasiliki and Giasyrani, Lamprini and Kazitori, Eunomia and Sotiropoulou, Pinelopi},
	year = {2010},
	pages = {118--126},
	file = {[PDF] de hsj.gr:/home/edlectrico/.mozilla/firefox/2o4o6qz8.default/zotero/storage/74MXHJG4/Roupa et al. - 2010 - The use of technology by the elderly.pdf:application/pdf}
},

@article{gruber_translation_1993,
	title = {A translation approach to portable ontology specifications},
	volume = {5},
	number = {2},
	urldate = {2014-10-27},
	journal = {Knowledge acquisition},
	author = {Gruber, Thomas R.},
	year = {1993},
	pages = {199--220}
},

@inproceedings{persad_exploring_2006,
	title = {Exploring user capabilities and health: A population perspective},
	shorttitle = {Exploring user capabilities and health},
	url = {http://publications.eng.cam.ac.uk/325700/},
	urldate = {2013-03-12},
	booktitle = {Proceedings of the Annual Ergonomics Society Conference on Contemporary Ergonomics' 06},
	author = {Persad, U. and Langdon, P. M. and Clarkson, P. J.},
	year = {2006},
	pages = {373--377},
	file = {Snapshot:/home/edlectrico/.mozilla/firefox/2o4o6qz8.default/zotero/storage/I5JK5GC5/325700.html:text/html}
}

webresources

% This file was created with JabRef 2.7b.
% Encoding: UTF8

@misc{european_comission_2012,
       author = {{European Commission}},
       title = {Ageing report: Europe needs to prepare for growing older},
       year = {2012},
       url = {http://ec.europa.eu/economy\_finance/articles/structural\_reforms/2012-05-15\_ageing\_report\_en.htm}
},

@misc{nuclear2012backgrounder,
  title={Backgrounder on the three mile island accident},
  author={Nuclear Regulatory Commission and others},
  year={2012}
},

@misc{samsung_share_2014,
  author = {Dave Hoch},
  title = {Samsung Remains King of the Android Market with 65\% Share of All Android Devices},
  year = 2014,
  urldate = {2014-02-28},
  howpublished = {\url{http://www.localytics.com/blog/2014/samsung-remains-king-of-the-android-market/}},
  note = {Accessed: 2014-05-20}
},

@misc{imhotep_website,
  title = {The Imhotep framework},  
  howpublished = {\url{http://www.morelab.deusto.es/imhotep/index.html}},
  note = {Accessed: 2014-05-27}
},

@misc{abox_tbox,
  title = {The Fundamental Importance of Keeping an ABox and TBox Split},  
  howpublished = {\url{http://www.mkbergman.com/489/ontology-best-practices-for-data-driven-applications-part-2/}},
  note = {Accessed: 2014-06-02}
},

@misc{pellet,
  title = {Pellet: OWL 2 Reasoner for Java},  
  howpublished = {\url{http://clarkparsia.com/pellet/}},
  note = {Accessed: 2014-06-04}
},


@misc{android_volume,
  title = {Android AudioManager},  
  howpublished = {\url{http://developer.android.com/reference/android/media/AudioManager.html}},
  note = {Accessed: 2014-06-06}
},

@misc{android_compatibility,
  title = {Android sourceCompatibility 1.7},  
  howpublished = {\url{http://tools.android.com/tech-docs/new-build-system/user-guide\#TOC-Using-sourceCompatibility-1.7}},
  note = {Accessed: 2014-06-10}
},

@misc{owl2,
  title = {OWL 2 Web Ontology Language Structural Specification and Functional-Style Syntax (Second Edition)},  
  howpublished = {\url{http://www.w3.org/TR/owl2-syntax/}},
  note = {Accessed: 2014-03-27}
},

@misc{fuseki,
  title = {Fuseki: serving RDF data over HTTP},  
  howpublished = {\url{http://jena.apache.org/documentation/serving_data/}},
  note = {Accessed: 2014-03-27}
},

@misc{measuringusability,
  title = {Measuring Usability With The System Usability Scale (SUS)},  
  howpublished = {\url{http://www.measuringusability.com/sus.php}},
  note = {Accessed: 2014-07-15}
},

@misc{vt100,
  title = {DEC VT100 video terminal},  
  howpublished = {\url{http://en.wikipedia.org/wiki/VT100}},
  note = {Accessed: 2014-07-15}
},

@misc{android_accessibility,
  title = {Accessibility in Android},  
  howpublished = {\url{http://developer.android.com/guide/topics/ui/accessibility/index.html}},
  note = {Accessed: 2014-08-06}
},

@misc{talkback,
  title = {Android TalkBack},  
  howpublished = {\url{https://play.google.com/store/apps/details?id=com.google.android.marvin.talkback}},
  note = {Accessed: 2014-08-06}
},

@misc{ios_accessibility,
  title = {Accessibility in iOS},  
  howpublished = {\url{https://www.apple.com/accessibility/ios/}},
  note = {Accessed: 2014-08-06}
},

@misc{ios_voiceover,
  title = {VoiceOver for iOS},  
  howpublished = {\url{https://www.apple.com/accessibility/ios/voiceover/}},
  note = {Accessed: 2014-08-06}
},

@misc{ios_siri,
  title = {Siri for iOS},  
  howpublished = {\url{https://www.apple.com/ios/siri/}},
  note = {Accessed: 2014-08-06}
},

@misc{android_magnification,
  title = {Android Magnification Gestures},  
  howpublished = {\url{https://support.google.com/accessibility/android/answer/6006949?hl=en}},
  note = {Accessed: 2014-08-06}
},

@misc{wurfl,
       title = {WURFL - The Mobile Device Database},
       howpublished = {\url{http://wurfl.sourceforge.net/}},
       note = {Accessed: 2014-08-07}
       },
       
@misc{tactus,
       title = {Tactus},
       howpublished = {\url{http://tactustechnology.com/}},
       note = {Accessed: 2014-08-07}
       },
       
@misc{tactus_linkedin,
       title = {Tactus in LinkedIn},
       howpublished = {\url{https://www.linkedin.com/company/tactus-technology}},
       note = {Accessed: 2014-08-07}
       },
       
       
@misc{uaprof,
       title = {UAProfIndex},
       howpublished = {\url{http://www.w3.org/wiki/UAProfIndex}},
       note = {Accessed: 2014-08-08}
       },
       
@misc{51degrees,
      title = {51Degrees},
      howpublished = {\url{http://51degrees.com/}},
      note = {Accessed: 2014-08-08}
      },

@misc{accessibility,
      title = {Accessibility vs. Usability vs. W3C Web "Standards"},
      howpublished = {\url{http://accessibility.psu.edu/usability}},
      note = {Accessed: 2014-08-08}
      },
      
@misc{provo,
      title = {PROV-O: The PROV Ontology},
      howpublished = {\url{http://www.w3.org/TR/2013/REC-prov-o-20130430/}},
      note = {Accessed: 2014-08-08}
      },
      
@misc{mpeg_valencia,
      title = {MPEG 108 - Valencia},
      howpublished = {\url{http://mpeg.chiariglione.org/meetings/108}},
      note = {Accessed: 2014-08-08}
      },   
      
@misc{device_independence,
title = {Device Independence and Content Adaptation},
howpublished = {\url{http://www.w3.org/standards/webofdevices/independence}},
note = {Accessed: 2014-08-08}
},

@misc{ccpp_status,
title = {CC/PP Current Status},
howpublished = {\url{http://www.w3.org/standards/techs/ccpp}},
note = {Accessed: 2014-08-08}
},

      @misc{ddr_comparison,
title = {Comparing Device Description Repositories},
howpublished = {\url{http://www.samaxes.com/2012/10/comparing-device-description-repositories/}},
note = {Accessed: 2014-08-12}
},


@misc{smartphones_boom,
      title = {Statista: Number of smartphone users in the U.S. from 2010 to 2018 (in millions)},
      howpublished = {\url{http://www.statista.com/statistics/201182/forecast-of-smartphone-users-in-the-us/}},
      note = {Accessed: 2014-20-08}
      },  
      
@misc{android_view,
      title = {Android View},
      howpublished = {\url{http://developer.android.com/reference/android/view/View.html}},
      note = {Accessed: 2014-21-08}
      },  

@misc{swrl,
      title = {SWRL: A Semantic Web Rule Language Combining OWL and RuleML},
      howpublished = {\url{http://www.w3.org/Submission/SWRL/}},
      note = {Accessed: 2014-26-08}
},


@misc{androjena,
      title = {Androjena: Jena Android porting},
      howpublished = {\url{https://code.google.com/p/androjena/}},
      note = {Accessed: 2014-2-09}
},


@misc{luminance,
      title = {Wikipedia: Lux. Luminance provided under various conditions},
      howpublished = {\url{http://en.wikipedia.org/wiki/Lux\#Illuminance}},
      note = {Accessed: 2014-12-09}
},

@misc{foaf,
      title = {The Friend of a Friend (FOAF) project},
      howpublished = {\url{http://www.foaf-project.org/}},
      note = {Accessed: 2014-29-08}
},

@misc{cobra,
      title = {The CoBrA ontology},
      howpublished = {\url{http://cobra.umbc.edu/ontologies.html}},
      note = {Accessed: 2014-29-08}
},

@misc{cobra,
      title = {The CoBrA ontology},
      howpublished = {\url{http://cobra.umbc.edu/ontologies.html}},
      note = {Accessed: 2014-29-08}
},

@misc{jena,
      title = {A free and open source Java framework for building Semantic Web and Linked Data applications},
      howpublished = {\url{https://jena.apache.org/}},
      note = {Accessed: 2014-25-09}
},

@misc{protege,
      title = {Protégé: A free, open-source ontology editor and framework for building intelligent systems},
      howpublished = {\url{http://protege.stanford.edu/}},
      note = {Accessed: 2014-25-09}
},

@misc{owlapi,
      title = {The OWL API},
      howpublished = {\url{http://owlapi.sourceforge.net/}},
      note = {Accessed: 2014-25-09}
},

@misc{owlapi_reasoners,
      title = {Reasoners, OWL API Support, papers about the OWL API},
      howpublished = {\url{https://github.com/owlcs/owlapi/wiki/Reasoners,-OWL-API-Support,-papers-about-the-OWL-API}},
      note = {Accessed: 2014-25-09}
},

@misc{jaxb,
      title = {Introduction to JAXB},
      howpublished = {\url{http://docs.oracle.com/javase/tutorial/jaxb/intro/}},
      note = {Accessed: 2014-25-09}
},

@misc{javax_xml_bind,
      title = {The Package javax.xml.bind},
      howpublished = {\url{http://docs.oracle.com/javaee/5/api/javax/xml/bind/package-summary.html}},
      note = {Accessed: 2014-25-09}
},

@misc{xerces,
      title = {The Apache Xerces Project - xerces.apache.org},
      howpublished = {\url{http://xerces.apache.org/}},
      note = {Accessed: 2014-25-09}
},

@misc{activities,
      title = {Android Activities},
      howpublished = {\url{http://developer.android.com/guide/components/activities.html}},
      note = {Accessed: 2014-25-09}
},

@misc{tts,
      title = {Android Text-To-Speech},
      howpublished = {\url{http://developer.android.com/reference/android/speech/tts/TextToSpeech.html}},
      note = {Accessed: 2014-25-09}
},

@misc{shared_preferences,
      title = {Android SharedPreferences},
      howpublished = {\url{http://developer.android.com/reference/android/content/SharedPreferences.html}},
      note = {Accessed: 2014-29-09}
},

@misc{pellet4android,
      title = {Pellet4Android},
      howpublished = {\url{https://github.com/edlectrico/Pellet4Android}},
      note = {Accessed: 2014-29-09}
},

@misc{sumi,
      title = {SUMI: The de facto industry standard evaluation questionnaire for assessing quality of use of software by end users.},
      howpublished = {\url{http://sumi.ucc.ie/}},
      note = {Accessed: 2014-29-09}
},

@misc{mumms,
      title = {MUMMS: Measuring the Usability of Multi-Media Software.},
      howpublished = {\url{http://www.ucc.ie/research/hfrg/questionnaires/mumms/index.html}},
      note = {Accessed: 2014-29-09}
},

@misc{quis,
      title = {QUIS: Questionnaire for User Interaction Satisfaction.},
      howpublished = {\url{http://lap.umd.edu/quis/}},
      note = {Accessed: 2014-29-09}
},

@misc{sus,
      title = {SUS: System Usability Scale.},
      howpublished = {\url{http://www.usability.gov/how-to-and-tools/methods/system-usability-scale.html}},
      note = {Accessed: 2014-29-09}
},

@misc{adb,
      title = {ADB: The Android Debug Bridge.},
      howpublished = {\url{http://developer.android.com/tools/help/adb.html}},
      note = {Accessed: 2014-30-09}
},

@misc{trends,
      title = {Google Trends.},
      howpublished = {\url{https://www.google.com/trends/}},
      note = {Accessed: 2014-30-09}
},

misc{google_glasses,
      title = {Google Glasses.},
      howpublished = {\url{http://www.google.com/glass/start/}},
      note = {Accessed: 2014-30-09}
},

@book{drake1967fundamentals,
  title={Fundamentals of applied probability theory},
  author={Drake, Alvin W},
  year={1967},
  publisher={Mcgraw-Hill College}
},

@book{wahlster1989user,
  title={User models in dialog systems},
  author={Wahlster, Wolfgang and Kobsa, Alfred},
  year={1989},
  publisher={Springer}
},


@misc{once,
      title = {ONCE (Organización Nacional de Ciegos Españoles).},
      howpublished = {\url{http://www.once.es}},
      note = {Accessed: 2014-30-09}
},

@misc{euskal_gorral,
      title = {Euskal Gorrak (Federación Vasca de Asociaciones de Personas Sordas).},
      howpublished = {\url{http://www.euskal-gorrak.org/}},
      note = {Accessed: 2014-30-09}
},

@misc{elderly_tech,
      title = {Get old, tune out: Is technology leaving the elderly in the dust?},
      author = {Sterling, S.}
      howpublished = {\url{http://www.digitaltrends.com/cool-tech/get-old-tune-out-is-technology-leaving-the-elderly-in-the-dust/}},
      note = {Accessed: 2014-30-09}
},
http://www.digitaltrends.com/cool-tech/get-old-tune-out-is-technology-leaving-th
e-elderly-in-the-dust/


self
@article{almeida_imhotep_2011,
	title = {Imhotep: an approach to user and device conscious mobile applications},
	volume = {15},
	shorttitle = {Imhotep},
	number = {4},
	urldate = {2012-09-21},
	journal = {Personal and Ubiquitous Computing},
	author = {Almeida, A. and Orduña, P. and Castillejo, E. and {López-de-Ipiña}, D. and Sacristán, M.},
	year = {2011},
	pages = {419–429}
},

@inproceedings{castillejo_alleviating_2012,
	title = {Alleviating cold-user start problem with users’ social network data in recommendation systems},
	abstract = {The Internet and the Web 2.0 have radically changed the way of purchasing items, provoking the fall of geographic selling barriers all over the world. So large is the amount of data and items we can find in the Web that it turned out to be almost unmanageable. Due to this situation many algorithms have emerged trying to filter items for e-commerce users based in their tastes. In order to do this, these systems need information about the tastes of the users as input. This limitation is reduced as the users interaction with these systems increases. The main problem arises when new users enter a recommendation platform for the first time. The so called cold-start problem causes unsatisfactory random recommendations, which goes against these systems’ purpose. Cold-start includes users entering new systems, items, and even new systems. This situation challenges for new ways of obtaining user data. Social networks can be seen as huge information databases sources, and social network analysis would help us to do it using different techniques. In this paper, we present a solution which uses social network user data to generate first recommendations, alleviating the cold-user limitation. Besides, we have demonstrate that it is possible to reduce the cold-user problem applying our solution in a recommendation system environment.},
	author = {Castillejo, Eduardo and Almeida, Aitor and {López-De-Ipiña}, Diego},
	month = aug,
	year = {2012},
	keywords = {cold-user problem, collaborative filtering, recommendation systems, social network analysis, thofu},
	file = {eCastillejo_ecai2012.pdf:/home/edlectrico/.mozilla/firefox/2o4o6qz8.default/zotero/storage/5BAX6RZH/eCastillejo_ecai2012.pdf:application/pdf}
},

@incollection{castillejo_social_2012,
	address = {Vitoria-Gasteiz, Spain},
	title = {Social network analysis applied to recommendation systems: alleviating the cold-user problem},
	shorttitle = {Social network analysis applied to recommendation systems},
	url = {http://link.springer.com/chapter/10.1007/978-3-642-35377-2_42},
	abstract = {Recommender systems have increased their impact in the Internet due to the unmanageable amount of items that users can find in the Web. This way, many algorithms have emerged filtering those items which best fit into users’ tastes. Nevertheless, these systems suffer from the same shortcoming: the lack of new user data to recommend any item based on their tastes. Social relationships gathered from social networks and intelligent environments become a challenging opportunity to retrieve data from users based on their relationships, and social network analysis provides the demanded techniques to accomplish this objective. In this paper we present a methodology which uses users’ social network data to generate first recommendations, alleviating the cold-user limitation. Besides, we demonstrate that it is possible to reduce the cold-user problem applying our solution to a recommendation system environment.},
	urldate = {2013-09-30},
	booktitle = {Ubiquitous Computing and Ambient Intelligence},
	publisher = {Springer},
	author = {Castillejo, Eduardo and Almeida, Aitor and {López-de-Ipiña}, Diego},
	year = {2012},
	keywords = {cold-user problem, collaborative filtering, recommendation systems, social network analysis, thofu},
	pages = {306–313},
	file = {[PDF] from deusto.es:/home/edlectrico/.mozilla/firefox/2o4o6qz8.default/zotero/storage/JPCM42CZ/Castillejo et al. - 2012 - Social network analysis applied to recommendation .pdf:application/pdf;Snapshot:/home/edlectrico/.mozilla/firefox/2o4o6qz8.default/zotero/storage/7HUSWJZX/978-3-642-35377-2_42.html:text/html}
},

@inproceedings{kleinbauer_specter_user_centered_2003,
	title = {{SPECTER}-a user-centered view on ubiquitous computing},
	url = {http://www2.dfki.de/specter/Docs/KleinbauerBA03.pdf},
	urldate = {2014-11-11},
	booktitle = {{ABIS} 2003: 11th {GI}-Workshop” Adaptivität und Benutzermodellierung in interaktiven Softwaresystemen},
	author = {Kleinbauer, Thomas and Bauer, Mathias and Jameson, Anthony},
	year = {2003},
	pages = {299--306},
	file = {[PDF] de dfki.de:/home/edlectrico/.mozilla/firefox/2o4o6qz8.default/zotero/storage/8668ZX9A/Kleinbauer et al. - 2003 - SPECTER-a user-centered view on ubiquitous computi.pdf:application/pdf}
},

@inproceedings{david_ausin_probabilistic_2014,
  address = {Riva del Garda, Italy,},
  title = {A Probabilistic {OWL} Reasoner for Intelligent Environments},
  volume = {Vol-1259},
  isbn = {urn:nbn:de:0074-1259-9},
  abstract = {{OWL} ontologies have gained great popularity as a context
  modelling tool for intelligent environments due to their expressivity.
  However, they present some disadvantages when it is necessary to deal
  with uncertainty, which is common in our daily life and affects the decisions 
  that we take. To overcome this drawback, we have developed a
  novel framework to compute fact probabilities from the axioms in an
  {OWL} ontology. This proposal comprises the definition and description
  of our probabilistic ontology. Our probabilistic ontology extends {OWL}
  2 {DL} with a new layer to model uncertainty. With this work we aim
  to overcome {OWL} limitations to reason with uncertainty, developing a
  novel framework that can be used in intelligent environments.},
  booktitle = {{URSW} 2014 Uncertainty Reasoning for the Semantic Web},
  author = {David Ausín and Diego López-de-Ipiña and Federico Castanedo},
  month = oct,
  year = {2014},
  keywords = {{OWL}, bayesian networks, intelligent environments, uncertainty}
},

@article{petrelli_user_centered_1999,
  title = {A User-Centered Approach to User Modelling},
  urldate = {2013-01-03},
  journal = {{COURSES} {AND} {LECTURES}-{INTERNATIONAL} {CENTRE} {FOR} {MECHANICAL} {SCIENCES}},
  author = {Petrelli, D. and De Angeli, A. and Convertino, G.},
  year = {1999},
  pages = {255--264}
},

@inproceedings{fink_adaptable_1997,
  title = {Adaptable and adaptive information access for all users, including the disabled and the elderly},
  volume = {171},
  url = {http://www.isr.uci.edu/~kobsa/papers/1997-UM97-kobsa.pdf},
  abstract = {Igual que el otro paper de los mismos 2 primeros autores, salvo que hablan de la evaluación, que está en otras publicaciones del proyecto que engloba esta investigación. No aporta prácticamente nada al paper relacionado. En todo caso, los dibujos del final.},
  urldate = {2013-01-03},
  booktitle = {International Conference {UM}97. Wien New York: Springer},
  author = {Fink, J. and Kobsa, A. and Nill, A.},
  year = {1997},
  pages = {173},
  file = {[PDF] de uci.edu:/home/edlectrico/.mozilla/firefox/2o4o6qz8.default/zotero/storage/I2Z8VDBT/Fink et al. - 1997 - Adaptable and adaptive information access for all .pdf:application/pdf}
}