% This file was created with JabRef 2.7b.
% Encoding: UTF8

@misc{european_comission_2012,
       author = {{European Commission}},
       title = {Ageing report: Europe needs to prepare for growing older},
       year = {2012},
       url = {http://ec.europa.eu/economy\_finance/articles/structural\_reforms/2012-05-15\_ageing\_report\_en.htm}
},

@misc{nuclear2012backgrounder,
  title={Backgrounder on the three mile island accident},
  author={Nuclear Regulatory Commission and others},
  year={2012}
},

@misc{samsung_share_2014,
  author = {Dave Hoch},
  title = {Samsung Remains King of the Android Market with 65\% Share of All Android Devices},
  year = 2014,
  urldate = {2014-02-28},
  howpublished = {\url{http://www.localytics.com/blog/2014/samsung-remains-king-of-the-android-market/}},
  note = {Accessed: 2014-05-20}
},

@misc{imhotep_website,
  title = {The Imhotep framework},  
  howpublished = {\url{http://www.morelab.deusto.es/imhotep/index.html}},
  note = {Accessed: 2014-05-27}
},

@misc{abox_tbox,
  title = {The Fundamental Importance of Keeping an ABox and TBox Split},  
  howpublished = {\url{http://www.mkbergman.com/489/ontology-best-practices-for-data-driven-applications-part-2/}},
  note = {Accessed: 2014-06-02}
},

@misc{pellet,
  title = {Pellet: OWL 2 Reasoner for Java},  
  howpublished = {\url{http://clarkparsia.com/pellet/}},
  note = {Accessed: 2014-06-04}
},


@misc{android_volume,
  title = {Android AudioManager},  
  howpublished = {\url{http://developer.android.com/reference/android/media/AudioManager.html}},
  note = {Accessed: 2014-06-06}
},

@misc{android_compatibility,
  title = {Android sourceCompatibility 1.7},  
  howpublished = {\url{http://tools.android.com/tech-docs/new-build-system/user-guide\#TOC-Using-sourceCompatibility-1.7}},
  note = {Accessed: 2014-06-10}
},

@misc{owl2,
  title = {OWL 2 Web Ontology Language Structural Specification and Functional-Style Syntax (Second Edition)},  
  howpublished = {\url{http://www.w3.org/TR/owl2-syntax/}},
  note = {Accessed: 2014-03-27}
},

@misc{fuseki,
  title = {Fuseki: serving RDF data over HTTP},  
  howpublished = {\url{http://jena.apache.org/documentation/serving_data/}},
  note = {Accessed: 2014-03-27}
},

@misc{measuringusability,
  title = {Measuring Usability With The System Usability Scale (SUS)},  
  howpublished = {\url{http://www.measuringusability.com/sus.php}},
  note = {Accessed: 2014-07-15}
},

@misc{vt100,
  title = {DEC VT100 video terminal},  
  howpublished = {\url{http://en.wikipedia.org/wiki/VT100}},
  note = {Accessed: 2014-07-15}
},

@misc{android_accessibility,
  title = {Accessibility in Android},  
  howpublished = {\url{http://developer.android.com/guide/topics/ui/accessibility/index.html}},
  note = {Accessed: 2014-08-06}
},

@misc{talkback,
  title = {Android TalkBack},  
  howpublished = {\url{https://play.google.com/store/apps/details?id=com.google.android.marvin.talkback}},
  note = {Accessed: 2014-08-06}
},

@misc{ios_accessibility,
  title = {Accessibility in iOS},  
  howpublished = {\url{https://www.apple.com/accessibility/ios/}},
  note = {Accessed: 2014-08-06}
},

@misc{ios_voiceover,
  title = {VoiceOver for iOS},  
  howpublished = {\url{https://www.apple.com/accessibility/ios/voiceover/}},
  note = {Accessed: 2014-08-06}
},

@misc{ios_siri,
  title = {Siri for iOS},  
  howpublished = {\url{https://www.apple.com/ios/siri/}},
  note = {Accessed: 2014-08-06}
},

@misc{android_magnification,
  title = {Android Magnification Gestures},  
  howpublished = {\url{https://support.google.com/accessibility/android/answer/6006949?hl=en}},
  note = {Accessed: 2014-08-06}
},

@misc{wurfl,
       title = {WURFL - The Mobile Device Database},
       howpublished = {\url{http://wurfl.sourceforge.net/}},
       note = {Accessed: 2014-08-07}
       },
       
@misc{tactus,
       title = {Tactus},
       howpublished = {\url{http://tactustechnology.com/}},
       note = {Accessed: 2014-08-07}
       },
       
@misc{tactus_linkedin,
       title = {Tactus in LinkedIn},
       howpublished = {\url{https://www.linkedin.com/company/tactus-technology}},
       note = {Accessed: 2014-08-07}
       },
       
       
@misc{uaprof,
       title = {UAProfIndex},
       howpublished = {\url{http://www.w3.org/wiki/UAProfIndex}},
       note = {Accessed: 2014-08-08}
       },
       
@misc{51degrees,
      title = {51Degrees},
      howpublished = {\url{http://51degrees.com/}},
      note = {Accessed: 2014-08-08}
      },

@misc{accessibility,
      title = {Accessibility vs. Usability vs. W3C Web "Standards"},
      howpublished = {\url{http://accessibility.psu.edu/usability}},
      note = {Accessed: 2014-08-08}
      },
      
@misc{provo,
      title = {PROV-O: The PROV Ontology},
      howpublished = {\url{http://www.w3.org/TR/2013/REC-prov-o-20130430/}},
      note = {Accessed: 2014-08-08}
      },
      
@misc{mpeg_valencia,
      title = {MPEG 108 - Valencia},
      howpublished = {\url{http://mpeg.chiariglione.org/meetings/108}},
      note = {Accessed: 2014-08-08}
      },   
      
@misc{device_independence,
title = {Device Independence and Content Adaptation},
howpublished = {\url{http://www.w3.org/standards/webofdevices/independence}},
note = {Accessed: 2014-08-08}
},

@misc{ccpp_status,
title = {CC/PP Current Status},
howpublished = {\url{http://www.w3.org/standards/techs/ccpp}},
note = {Accessed: 2014-08-08}
},

      @misc{ddr_comparison,
title = {Comparing Device Description Repositories},
howpublished = {\url{http://www.samaxes.com/2012/10/comparing-device-description-repositories/}},
note = {Accessed: 2014-08-12}
},


@misc{smartphones_boom,
      title = {Statista: Number of smartphone users in the U.S. from 2010 to 2018 (in millions)},
      howpublished = {\url{http://www.statista.com/statistics/201182/forecast-of-smartphone-users-in-the-us/}},
      note = {Accessed: 2014-20-08}
      },  
      
@misc{android_view,
      title = {Android View},
      howpublished = {\url{http://developer.android.com/reference/android/view/View.html}},
      note = {Accessed: 2014-21-08}
      },  

@misc{swrl,
      title = {SWRL: A Semantic Web Rule Language Combining OWL and RuleML},
      howpublished = {\url{http://www.w3.org/Submission/SWRL/}},
      note = {Accessed: 2014-26-08}
},


@misc{androjena,
      title = {Androjena: Jena Android porting},
      howpublished = {\url{https://code.google.com/p/androjena/}},
      note = {Accessed: 2014-2-09}
},


@misc{luminance,
      title = {Wikipedia: Lux. Luminance provided under various conditions},
      howpublished = {\url{http://en.wikipedia.org/wiki/Lux\#Illuminance}},
      note = {Accessed: 2014-12-09}
},

@misc{foaf,
      title = {The Friend of a Friend (FOAF) project},
      howpublished = {\url{http://www.foaf-project.org/}},
      note = {Accessed: 2014-29-08}
},

@misc{cobra,
      title = {The CoBrA ontology},
      howpublished = {\url{http://cobra.umbc.edu/ontologies.html}},
      note = {Accessed: 2014-29-08}
},


@misc{cobra,
      title = {The CoBrA ontology},
      howpublished = {\url{http://cobra.umbc.edu/ontologies.html}},
      note = {Accessed: 2014-29-08}
},

@misc{jena,
      title = {A free and open source Java framework for building Semantic Web and Linked Data applications},
      howpublished = {\url{https://jena.apache.org/}},
      note = {Accessed: 2014-25-09}
},

@misc{protege,
      title = {Protégé: A free, open-source ontology editor and framework for building intelligent systems},
      howpublished = {\url{http://protege.stanford.edu/}},
      note = {Accessed: 2014-25-09}
},

@misc{owlapi,
      title = {The OWL API},
      howpublished = {\url{http://owlapi.sourceforge.net/}},
      note = {Accessed: 2014-25-09}
},

@misc{owlapi_reasoners,
      title = {Reasoners, OWL API Support, papers about the OWL API},
      howpublished = {\url{https://github.com/owlcs/owlapi/wiki/Reasoners,-OWL-API-Support,-papers-about-the-OWL-API}},
      note = {Accessed: 2014-25-09}
},

@misc{jaxb,
      title = {Introduction to JAXB},
      howpublished = {\url{http://docs.oracle.com/javase/tutorial/jaxb/intro/}},
      note = {Accessed: 2014-25-09}
},

@misc{javax_xml_bind,
      title = {The Package javax.xml.bind},
      howpublished = {\url{http://docs.oracle.com/javaee/5/api/javax/xml/bind/package-summary.html}},
      note = {Accessed: 2014-25-09}
},

@misc{xerces,
      title = {The Apache Xerces Project - xerces.apache.org},
      howpublished = {\url{http://xerces.apache.org/}},
      note = {Accessed: 2014-25-09}
},

@misc{activities,
      title = {Android Activities},
      howpublished = {\url{http://developer.android.com/guide/components/activities.html}},
      note = {Accessed: 2014-25-09}
},

@misc{tts,
      title = {Android Text-To-Speech},
      howpublished = {\url{http://developer.android.com/reference/android/speech/tts/TextToSpeech.html}},
      note = {Accessed: 2014-25-09}
},

@misc{shared_preferences,
      title = {Android SharedPreferences},
      howpublished = {\url{http://developer.android.com/reference/android/content/SharedPreferences.html}},
      note = {Accessed: 2014-29-09}
},

@misc{pellet4android,
      title = {Pellet4Android},
      howpublished = {\url{https://github.com/edlectrico/Pellet4Android}},
      note = {Accessed: 2014-29-09}
},

@misc{sumi,
      title = {SUMI: The de facto industry standard evaluation questionnaire for assessing quality of use of software by end users.},
      howpublished = {\url{http://sumi.ucc.ie/}},
      note = {Accessed: 2014-29-09}
},

@misc{mumms,
      title = {MUMMS: Measuring the Usability of Multi-Media Software.},
      howpublished = {\url{http://www.ucc.ie/research/hfrg/questionnaires/mumms/index.html}},
      note = {Accessed: 2014-29-09}
},

@misc{quis,
      title = {QUIS: Questionnaire for User Interaction Satisfaction.},
      howpublished = {\url{http://lap.umd.edu/quis/}},
      note = {Accessed: 2014-29-09}
},

@misc{sus,
      title = {SUS: System Usability Scale.},
      howpublished = {\url{http://www.usability.gov/how-to-and-tools/methods/system-usability-scale.html}},
      note = {Accessed: 2014-29-09}
},

@misc{adb,
      title = {ADB: The Android Debug Bridge.},
      howpublished = {\url{http://developer.android.com/tools/help/adb.html}},
      note = {Accessed: 2014-30-09}
},

@misc{trends,
      title = {Google Trends.},
      howpublished = {\url{https://www.google.com/trends/}},
      note = {Accessed: 2014-30-09}
},

@misc{google_glasses,
      title = {Google Glasses.},
      howpublished = {\url{http://www.google.com/glass/start/}},
      note = {Accessed: 2014-30-09}
},

@misc{once,
      title = {ONCE (Organización Nacional de Ciegos Españoles).},
      howpublished = {\url{http://www.once.es}},
      note = {Accessed: 2014-30-09}
},


@misc{euskal_gorral,
      title = {Euskal Gorrak (Federación Vasca de Asociaciones de Personas Sordas).},
      howpublished = {\url{http://www.euskal-gorrak.org/}},
      note = {Accessed: 2014-30-09}
},

@misc{elderly_tech,
      title = {Get old, tune out: Is technology leaving the elderly in the dust?},
      author = {Sterling, S.}
      howpublished = {\url{http://www.digitaltrends.com/cool-tech/get-old-tune-out-is-technology-leaving-the-elderly-in-the-dust/}},
      note = {Accessed: 2014-30-09}
},
http://www.digitaltrends.com/cool-tech/get-old-tune-out-is-technology-leaving-th
e-elderly-in-the-dust/
